4017 6192
180 225 235 286 eas
606 227 636 285 s.
656 227 759 285 cerm
776 211 915 283 ninum
937 223 1013 282 our.
1034 221 1152 281 uenus
1168 221 1235 282 seu
1254 217 1345 278 rans
1363 218 1408 276 tt.

324 341 381 415 42
396 340 447 409 ie,
458 339 541 402 Pater
555 341 636 411 alme,
652 343 770 414 petimus
988 342 1013 402 Α
1168 338 1307 393 Ascensus
1321 334 1386 392 illuc
1399 334 1514 406 spiritus

292 430 390 495 Prone
408 430 509 488 mentis
523 432 681 499 visceribus,
1136 426 1213 484 'fotis
1228 426 1339 484 anhelat
1352 425 1467 493 nisibus,

292 521 328 578 Mt
341 519 442 578 coelnm
456 521 505 577 des
516 523 675 587 ascendere,
1132 523 1193 581 iam
1207 522 1296 580 cernit
1311 522 1339 578 in
1352 521 1498 590 enigmate

290 610 366 680 Quos
379 620 480 667 terram
491 612 727 684 doeesspernere.
1132 614 1237 672 Lumen
1252 611 1452 670 inaccessibile.

326 703 369 760 Sit
386 704 460 759 Patri
471 704 531 762 lans
542 705 676 778 innectite,
1166 705 1221 782 43
1236 707 1278 764 sit
1293 706 1368 764 Patri
1377 703 1439 761 laus
1449 703 1584 779 ingenite,

291 793 333 851 Sit
345 796 428 852 decus
444 794 604 869 unigenito,
1136 798 1178 856 stt
1192 799 1283 855 decus·
1292 795 1448 869 Utripsnitu,

293 885 584 962 Situtriusquepariii
1132 889 1425 961 Situtriusqueparill

292 976 423 1048 Maiestas
437 992 543 1036 summa
557 980 686 1037 Flamini.
700 981 798 1037 nmen.
1133 978 1259 1050 Maiestas
1273 977 1631 1037 comministratores.

221 1065 351 1125 CXXVM.
367 1068 538 1142 Epitaphium
555 1069 666 1127 Lodoiei
687 1073 771 1129 suncti
786 1073 941 1144 presbyteri.
1111 1070 1219 1130 CXXX.
1235 1070 1275 1129 fit
1289 1073 1410 1127 amnites
1422 1072 1532 1127 sommis.
1551 1068 1646 1129 ranas
1661 1069 1729 1143 (60).

187 1156 237 1213 Vir
250 1158 355 1216 Domini
369 1159 463 1217 clauso
474 1160 547 1232 iacet
558 1162 610 1219 boc
621 1160 757 1220 bedoieus
770 1163 799 1219 ln
812 1172 904 1230 autre,
1064 1163 1155 1221 Edidit
1166 1160 1275 1221 nomina
1286 1175 1381 1219 eorum
1395 1161 1423 1217 lo
1440 1160 1541 1219 munde
1554 1160 1677 1229 sortitos,
1714 1176 1718 1183 ·

222 1247 273 1305 Cui
287 1249 348 1306 sine
358 1250 517 1308 carnificum
529 1253 561 1308 lit
574 1264 641 1310 nece
654 1253 826 1327 martyrium.
1028 1255 1149 1324 Quomm
1163 1254 1260 1312 imbuit
1273 1268 1322 1326 per
1334 1253 1440 1326 singula
1452 1254 1543 1311 binos
1555 1255 1713 1326 trimosque,

187 1335 287 1394 Vinum
302 1348 453 1410 respuerat,
466 1356 566 1413 panem
579 1358 632 1399 non
643 1356 756 1416 prorsus
770 1342 878 1408 edebat,
1029 1346 1085 1403 lios
1096 1346 1201 1419 pariter
1212 1345 1284 1403 sacti
1298 1345 1422 1402 doctrina
1436 1345 1586 1412 modelam,

221 1429 375 1489 Hebdomas
389 1434 493 1500 binum,
503 1434 544 1490 sic
555 1434 637 1491 dabat
650 1450 704 1491 urna
717 1434 820 1492 eibum.
1029 1436 1086 1495 Nec
1103 1453 1157 1496 uon
1177 1438 1268 1494 divina
1286 1445 1465 1509 prestarent
1476 1437 1564 1509 gratia
1578 1436 1677 1509 gratim

190 1518 293 1578 Ordine
302 1523 411 1580 dinemo
423 1524 513 1595 pictor
530 1525 581 1581 fuit
594 1534 675 1597 atque
685 1527 815 1584 sacerdes
825 1543 837 1594 ς·
1016 1529 1123 1605 ¹thue
1135 1530 1242 1601 possint
1257 1530 1341 1588 febris
1355 1539 1450 1602 putres
1460 1529 1605 1600 excindere
1623 1537 1714 1601 pestes

222 1611 326 1669 Obtulit
343 1630 376 1671 et
390 1626 580 1686 aquamanus
594 1624 741 1688 utrumqne
755 1618 822 1673 Dee.
1030 1624 1120 1695 Atque
1134 1622 1303 1680 salutiferam
1321 1623 1427 1680 morbis
1439 1612 1598 1694 impendere
1609 1637 1715 1689 curant,

186 1700 247 1758 Lux
262 1702 355 1760 oriens
368 1704 441 1771 urbi,
456 1703 503 1759 lux
516 1706 591 1761 omni
601 1706 699 1763 clamis
710 1708 771 1762 orbi
994 1701 1017 1763 B
1030 1714 1151 1770 artubus
1163 1707 1314 1769 horrendas
1327 1710 1459 1784 pellentes
1471 1722 1588 1782 corpora
1597 1711 1655 1766 det.

222 1793 300 1850 Arsit
312 1804 340 1851 et
359 1796 491 1863 incendit,
506 1796 555 1852 itit
570 1807 598 1854 et
611 1797 656 1855 ire
666 1799 748 1855 dedit
1031 1806 1065 1860 Et
1083 1813 1183 1869 mutos,
1201 1802 1324 1870 claudos,
1339 1804 1493 1876 surdosque
1505 1813 1641 1875 repertos,
1654 1790 1668 1813 ‘

189 1884 321 1942 Ecclesia
339 1886 490 1958 specuium,
505 1889 584 1945 virus
597 1888 675 1960 lapis,
688 1886 788 1955 bestia,
802 1893 944 1962 temptum,
1029 1882 1189 1962 Luscos'ac
1201 1897 1346 1964 strambos,
1361 1895 1408 1968 orti
1419 1895 1499 1952 saeris
1511 1895 1595 1952 rerba
1606 1892 1722 1963 loquelis

224 1973 281 2029 Mos
293 1974 421 2062 precibus
434 1976 524 2033 releva
535 1990 604 2049 euos
616 1977 687 2033 maia
701 1987 793 2036 nostra
808 1989 934 2052 granam.
1035 1987 1135 2045 rantes
1146 1995 1337 2058 corrumpunt,
1349 1994 1379 2043 et
1389 1985 1522 2057 quidquid
1533 1983 1623 2040 debile
1636 1982 1733 2049 fcrtur,

188 2063 328 2120 fflilii·
341 2064 833 2142 tuaatdiconteuuummnarcrn.
847 2068 980 2144 danaus·
1030 2076 1699 2142 coeunsinsonantcarrsroumanontutcm;

261 2152 339 2210 Sacri
352 2154 489 2225 pontificis
501 2172 589 2215 annus
601 2159 702 2216 emicat
714 2158 826 2229 arantis,
1031 2169 1131 2242 Sisque
1143 2169 1232 2227 lucem
1244 2169 1338 2227 camis
1352 2168 1466 2241 uudtmt
1478 2168 1660 2226 medicamine
1672 2181 1788 2240 spuretc.

225 2242 373 2301 edibiam
386 2245 463 2316 plebs
474 2247 518 2319 liii
531 2246 657 2319 baidsai,
670 2248 770 2306 etlnto
844 2290 848 2299 ·
1031 2262 1087 2319 Nec
1106 2271 1195 2318 samm
1211 2262 1314 2318 crtmto
1320 2261 1453 2318 virtutum
1463 2268 1575 2318 monere
1585 2260 1672 2327 ditem

225 2333 346 2392 namnet
361 2344 474 2407 pertore
490 2339 746 2424 carminantem,
1032 2352 1098 2409 surr
1111 2351 1230 2408 salientis
1244 2360 1351 2424 getam
1362 2350 1500 2422 aaaron
1513 2350 1610 2414 taras.

365 2425 417 2495 Qui
429 2426 500 2499 ¹⁶85!
509 2428 613 2483 0¹¹¹1152·
1033 2442 1067 2499 Et
1078 2442 1180 2499 locutios
1192 2443 1294 2498 nummi
1309 2441 1426 2509 calcant,
1440 2449 1471 2497 ut
1482 2448 1551 2497 tetra
1565 2452 1680 2507 venena,

225 2512 277 2571 ¹¹5⁰
291 2529 424 2585 ⁸90i¹¹⁰¹¹⁸
435 2516 538 2589 emilii
552 2517 650 2590 &indii
664 2520 786 2592 c&iiiiii
1032 2536 1129 2594 Omnia
1146 2537 1265 2592 donante
1277 2535 1364 2607 gratis
1378 2549 1430 2604 pro
1443 2532 1529 2603 stirpe
1543 2536 1673 2603 saperda.

224 2606 347 2680 lembum
363 2611 492 2667 ⁸⁰⁵ii¹¹¹¹i²
507 2612 672 2685 martyriam
687 2614 792 2678 0100580
1032 2626 1166 2697 Princeps
1179 2626 1284 2682 interea
1299 2624 1404 2689 mnndi,-
1420 2622 1466 2695 qni
1479 2629 1587 2693 sceptra
1600 2620 1723 2693 gerebat,

224 2695 403 2757 T⁰f¹¹¹0¹¹¹⁸¹¹¹¹
414 2701 524 2774 diiiiii
539 2703 651 2760 'illim
663 2704 789 2775 Wlfflin
1033 2718 1167 2791 Martyres
1180 2716 1278 2774 edictis
1287 2715 1420 2772 multabat
1430 2714 1552 2772 trucibus
1563 2716 1652 2769 atrox.

326 2793 377 2863 Qui
390 2802 476 2851 ¹⁰ii⁰r
486 2809 550 2850 ⁸⁰⁰⁵
564 2796 678 2852 millii·
1033 2809 1103 2865 iam
1113 2814 1223 2863 sanctos
1235 2803 1324 2878 pelagi
1339 2805 1446 2876 gurgite
1461 2808 1598 2861 merserat
1607 2801 1707 2859 iratres

226 2885 319 2942 Sacrae
330 2886 434 2942 militiae
445 2886 558 2959 signifer
571 2887 689 2959 inclytus
1032 2900 1060 2956 ln
1075 2880 1205 2970 pontum,
1214 2895 1300 2952 fretos
1309 2896 1409 2951 rirtute
1419 2894 1564 2961 Tonantis,

225 2974 364 3032 Vistilium
377 2976 466 3034 fuerat
476 2977 562 3034 forma
573 2979 767 3049 ”iniustitiis
974 3016 979 3023 ·
1033 2989 1144 3061 rigidas
1155 2997 1184 3044 et
1196 2986 1292 3043 vitreis
1305 2986 1450 3042 mitescunt
1468 2998 1578 3055 equora
1594 2981 1697 3050 frustis,

224 3066 387 3124 Ᾰθθθῦῧθῡὸ
404 3068 502 3127 '²¹¹⁰ss
521 3078 631 3141 Midili
646 3070 770 3138 imiimi,
995 3052 1018 3115 C
1034 3081 1103 3137 Dum
1115 3080 1188 3135 dicto
1198 3078 1282 3134 citius
1296 3085 1408 3144 sanctos
1422 3073 1456 3131 ad
1473 3074 1564 3131 littora
1580 3081 1701 3130 vectam.

298 3156 442 3217 Praectaits
455 3175 563 3232 quoquae
574 3162 706 3218 moribus.
1036 3171 1084 3229 Sic
1095 3184 1251 3241 compressa
1264 3168 1329 3224 salis
1341 3178 1420 3224 saera
1431 3166 1533 3223 uirtute
1550 3173 1682 3237 potestas,

224 3245 273 3306 Bis
285 3265 367 3308 senos
378 3251 481 3324 lapides
491 3255 720 3325 perterritorum,
1035 3262 1155 3332 turgida
1166 3258 1320 3331 fluctivagis
1332 3258 1431 3329 sopivit
1440 3256 1540 3314 caerula
1554 3255 1668 3327 campis,

189 3337 236 3396 Bis
248 3340 342 3409 tinctae
353 3342 452 3398 turrice
466 3344 585 3415 tegmine
598 3345 736 3415 splenduit
751 3363 759 3401 t
1033 3355 1150 3411 Mentem
1161 3353 1225 3408 dum
1237 3350 1326 3406 Patris
1337 3359 1445 3422 portum
1463 3346 1592 3420 patefecit
1603 3343 1772 3411 immundus,

216 3427 277 3486 <cm
288 3429 469 3487 tintinnabula
481 3432 595 3489 dulciter
604 3436 768 3507 obstrepunt
1033 3446 1135 3515 impius
1150 3442 1178 3499 id
1192 3441 1265 3512 qnod
1284 3455 1403 3498 cernens
1412 3438 1511 3495 uexilla
1528 3437 1635 3508 tropaei,

334 3518 403 3575 Mili
419 3522 516 3591 punice
532 3522 662 3579 defluum·
1033 3536 1127 3593 Altera
1138 3534 1289 3605 Gorgoneis
1301 3532 1412 3588 molitur
1422 3532 1519 3586 daorua
1539 3530 1665 3596 venenis:
1709 3586 1720 3593 ,

223 3612 311 3685 ipsius
325 3617 463 3686 precibus,
475 3617 608 3675 Conditor
621 3623 758 3689 omnium,
1033 3625 1102 3682 liam
1118 3624 1270 3681 truculenta
1280 3621 1357 3678 i'erox
1372 3619 1542 3676 flammarum
1557 3619 1656 3690 pabula
1670 3627 1753 3685 teret,

225 3701 371 3762 Demersus
385 3707 475 3763 releva
489 3710 609 3779 pondere
619 3710 785 3766 criminum.
1034 3718 1069 3773 Et
1083 3724 1316 3773 sacramentorum
1331 3713 1469 3769 sternacem
1484 3711 1579 3768 fomite
1594 3711 1685 3778 farcit,

225 3791 275 3850 Cui
291 3795 362 3863 iaus,
372 3797 527 3868 imperium,
544 3815 704 3871 summaque
717 3801 802 3875 gloria
1034 3811 1063 3864 ln
1077 3822 1159 3878 qrrarn
1175 3805 1339 3876 fragrantem
1355 3818 1449 3859 sacros
1461 3802 1606 3857 detrudere
1620 3801 1714 3872 jussit,

300 3884 343 3942 Sit
351 3901 400 3958 per
413 3889 504 3945 omnia
516 3890 625 3947 saecula.
637 3892 733 3950 umen.
1037 3897 1073 3954 tlt
1086 3912 1168 3968 rogas
1182 3895 1305 3951 insontes
1315 3907 1466 3965 prtmarum
1482 3900 1557 3948 torre
1569 3899 1705 3947 cremaret

438 3979 558 4037 dxxix.
573 3983 614 4037 td
629 3982 732 4061 londes.
1032 3990 1127 4059 littus,
1138 4005 1207 4061 quos
1221 3989 1322 4046 dudum
1334 3996 1493 4060 turgescens
1504 3985 1610 4058 gurgite
1621 3990 1720 4056 pontus

331 4071 442 4130 Christe
451 4082 608 4132 sauctorum
619 4076 717 4147 gloria,
1033 4082 1157 4154 Merpere
1171 4082 1302 4154 nequibat
1318 4081 1483 4152 limpbarum
1498 4078 1625 4133 fluctibus
1638 4075 1717 4131 atris.

296 4168 465 4226 Certantium
480 4172 607 4240 victoria,
1033 4173 1080 4231 Sic
1093 4172 1181 4230 facula
1195 4172 1311 4229 damme
1322 4171 1443 4228 fontanis
1455 4169 1551 4225 fomite
1570 4166 1652 4239 friget

301 4258 357 4316 lios
374 4260 538 4318 contemnis
551 4264 679 4334 precibus
1035 4264 1071 4321 Ut
1084 4264 1164 4320 miles
1178 4262 1280 4319 Christi
1298 4259 1422 4332 neglecto
1435 4258 1542 4315 turbine
1553 4254 1668 4311 damme

297 4348 443 4419 Culparum
459 4351 533 4408 solve
552 4353 678 4409 nexibus.
1034 4354 1172 4410 Redderes
1185 4353 1310 4424 ingentes
1321 4362 1372 4422 pm
1384 4350 1439 4406 rita
1449 4348 1552 4420 sospite
1561 4353 1669 4418 gratem
1765 4399 1772 4413 ,

334 4437 390 4493 Fac
407 4453 457 4493 ¹¹⁰⁸
472 4439 616 4494 imitabilia
995 4407 1022 4468 Ι)
1033 4447 1088 4505 Ceu
1105 4447 1284 4503 Salamaadra
1298 4445 1371 4518 rogis
1384 4443 1454 4501 solet
1474 4441 1608 4500 insultare
1619 4438 1754 4505 focorum,

299 4526 365 4598 Ejus
380 4529 457 4598 sequi
470 4528 591 4600 testinis,
743 4580 750 4587 .
1033 4537 1164 4608 Qttamsis
1174 4537 1304 4609 congerie
1316 4536 1502 4610 glomerentur
1515 4534 1587 4590 forte
1601 4546 1740 4604 rogorum,

302 4619 342 4677 'lu
354 4621 393 4679 sis
407 4636 552 4678 commune
566 4623 717 4694 premium,
1034 4630 1111 4687 Tunc
1124 4629 1213 4687 crucis
1224 4632 1251 4687 in
1265 4629 1386 4701 patulum
1402 4635 1537 4700 eoguntur
1547 4625 1681 4683 scandere
1694 4622 1785 4686 robur.

299 4716 350 4786 Qui
364 4716 453 4775 factus
464 4732 494 4773 es
507 4724 535 4774 et
548 4718 677 4789 pretium.
1034 4719 1123 4791 litque
1135 4720 1325 4790 pharetrarum
1337 4719 1437 4775 densas
1450 4717 1564 4774 auferre
1575 4716 1698 4786 sagittas.

333 4808 402 4866 Mam
417 4809 462 4867 bic
476 4810 503 4865 in
518 4811 574 4866 imo
588 4809 696 4882 positus
955 4800 960 4809 ’
1035 4808 1096 4865 Mon
1110 4808 1191 4865 Sator
1202 4819 1331 4876 aeternus,
1343 4809 1390 4880 qui
1405 4819 1503 4866 saincte
1512 4807 1576 4878 iure
1590 4805 1749 4878 triumpbat,

302 4898 389 4956 Celsis
402 4900 551 4970 prestabat
566 4900 700 4968 moribus,
1036 4899 1145 4970 Spicula
1162 4908 1294 4957 tortorum
1315 4900 1452 4972 confregit
1467 4900 1528 4958 dira
1543 4915 1664 4956 reorum.

302 4989 420 5047 Muntiiis
435 5000 494 5047 erat
506 4991 613 5058 ordine,
1035 4991 1105 5047 Exin
1116 4991 1238 5060 martyrii
1249 4999 1423 5062 sumpserunt
1433 5001 1507 5048 serta
1519 4998 1633 5048 cruenta

299 5079 383 5137 Claro
395 5080 520 5138 sublimis
532 5094 625 5153 opere.
1035 5082 1076 5137 nd
1095 5095 1215 5138 connexa
1228 5080 1284 5153 poli
1297 5083 1446 5155 migrantes
1458 5082 1577 5141 cultuina
1587 5079 1678 5136 celsi.-

333 5171 441 5229 iuteuta
453 5186 529 5228 meus
543 5171 702 5229 otelestibtts
1164 5172 1282 5229 CXXXi.
1298 5172 1336 5230 fic
1355 5176 1555 5230 dormitatione
1575 5168 1700 5241 Virpiris.

301 5261 450 5321 Mondanos
461 5263 557 5321 horret
570 5263 710 5333 strepitus,
1036 5261 1108 5319 Ecce
1124 5272 1203 5341 parat
1213 5263 1333 5320 clausam
1346 5263 1414 5336 Regi
1424 5262 1592 5335 prenomine
1606 5258 1708 5315 aniam.

298 5354 341 5412 Mil
349 5356 406 5428 jam
420 5355 535 5413 delectat
549 5357 671 5423 anxiam,
1196 5350 1387 5413 cxxxujtu
1400 5356 1533 5411 nativitate
1551 5354 1668 5409 Domini.

299 5447 376 5516 Qtrod
395 5465 449 5506 non
464 5449 540 5505 ducit
553 5449 587 5505 ad
601 5448 727 5520 patriam.
1037 5445 1122 5503 Natus
1133 5447 1167 5504 ab
1182 5457 1283 5503 aterno
1296 5447 1385 5518 prodit
1401 5448 1435 5504 de
1448 5445 1568 5518 Virginis
1579 5444 1650 5501 alvo.

210 5560 286 5643 ‚imi
303 5561 626 5692 c⁰ii¹¹fl²⁵⁰n⁰ifl¹¹⁰m⁰¹
643 5564 754 5622 omnino
768 5563 921 5622 insanabili.
947 5563 1001 5620 Mos
1020 5571 1110 5619 tamen
1138 5566 1178 5619 sic
1199 5561 1329 5618 exhibent
1349 5560 1432 5618 editio
1455 5560 1594 5633 princeps.
1617 5555 1777 5614 carisiensis
1798 5561 1827 5609 ct

194 5644 254 5700 erus
267 5647 374 5688 rccusto
407 5649 497 5691 assam
530 5644 584 5691 ata.
