4017 6192
622 385 652 441 S.
671 382 772 438 Perat
794 376 935 434 bntttsrtl
955 373 1030 433 OPP.
1046 368 1162 428 tortus
1177 371 1218 425 Sl?
1222 369 1242 427 U
1261 368 1350 424 Pntts
1368 367 1412 423 li'.

347 514 382 571 tu
399 511 478 567 stulta
490 510 562 580 jacet
571 504 666 560 bestia.

382 598 517 656 Discurrit
528 608 577 665 per
591 591 732 648 basilicam

303 676 307 685 ¹
351 693 403 748 Pro
415 685 642 747 sanitatenimia3

349 784 377 838 ln
389 782 449 837 loco
462 780 484 835 si
495 774 683 850 permanserit,

349 872 461 928 Cerrice
475 876 543 924 torta
559 864 686 934 respicit;

382 958 470 1014 Verba
484 957 531 1010 Dei
547 970 600 1009 non
614 951 729 1016 attonat,

347 1048 476 1105 Privatim
489 1059 595 1115 semper
604 1042 745 1103 mussitat;

349 1139 385 1195 Et
398 1138 495 1194 recitat
505 1132 647 1206 parabolas

349 1230 444 1286 lnanes
458 1237 539 1297 atque
552 1238 660 1280 saeuas.

381 1319 499 1375 Abbates
511 1329 616 1385 semper
627 1309 747 1382 vigilent,

349 1408 391 1465 Ab
405 1408 478 1463 omni
492 1419 608 1474 namque
623 1401 746 1463 crimine,

349 1499 407 1556 Non
420 1515 470 1569 pro
485 1499 575 1552 mundi
589 1494 689 1550 astutia

353 1589 453 1646 Sancta
465 1588 619 1658 relinquam
632 1583 733 1639 studia.

357 1743 361 1750 ¹
385 1681 442 1736 Non
457 1688 614 1750 potestesse
627 1675 774 1730 nmnaclrus

352 1773 403 1839 Qui
418 1778 562 1842 vagesem,
578 1765 760 1836 improvidus:

356 1861 385 1916 Si
395 1860 459 1914 ririt
473 1858 532 1913 sine
546 1854 648 1926 regula,

355 1949 458 2005 Peribit
470 1955 556 2002 morte
567 1944 694 2014 pessima.

392 2038 448 2094 Deo
465 2035 554 2092 devoti
568 2031 705 2098 ortonaelti,

356 2127 468 2184 Servate
478 2126 563 2198 legem
573 2112 686 2195 bptime.

360 2216 486 2273 Viventes
503 2223 579 2271 custo
593 2224 719 2283 corpore,

355 2307 472 2362 Terrena
486 2313 583 2359 cuncta
598 2300 716 2372 spernite

393 2399 516 2453 Potestas
529 2404 570 2452 est
582 2395 608 2449 ln
622 2391 719 2465 populo
734 2434 737 2437 ,

356 2489 379 2544 A
393 2501 499 2543 summo
512 2486 573 2541 data
588 2484 704 2540 Donflno

357 2581 392 2636 Et
404 2595 466 2636 cum
479 2579 531 2634 lide
534 2615 589 2632 .....

359 2673 410 2742 Qui
427 2679 596 2727 sacramenta
612 2670 743 2725 fecerant.

394 2763 448 2817 Pro
463 2760 536 2817 nullo
550 2761 620 2815 malo
634 2759 740 2822 merito,

360 2851 408 2907 Vel
420 2851 547 2921 placitato
566 2858 664 2919 pretio,

358 2948 411 3001 bnt
423 2947 512 3015 aliqua
526 2944 656 3006 amicitia,

360 3036 454 3092 Vertat
465 3033 647 3102 remindicia.

391 3128 477 3183 ludex
490 3125 587 3179 sedens
600 3124 627 3178 in
641 3120 742 3192 placito

362 3213 417 3286 58
430 3230 485 3269 non
497 3223 588 3283 speret
599 3214 632 3269 de
641 3211 767 3276 lucratio,

363 3303 416 3363 aad
432 3304 515 3358 Deum
530 3313 602 3359 recte
617 3301 719 3366 timeat,

365 3396 400 3453 Et
416 3397 502 3467 legem
516 3385 570 3450 cito
584 3393 671 3449 liniat.

397 3485 509 3553 Testes,
521 3502 569 3557 pro
582 3487 654 3541 nullo
665 3500 778 3543 monere

364 3577 444 3633 Falsa
454 3576 526 3645 loqui
540 3575 704 3644 praesumite,

253 3664 256 3669 ’
364 3665 416 3722 Sed
431 3679 492 3720 uera
506 3663 586 3720 verba
602 3665 684 3719 dieite

365 3757 501 3814 Praesente
511 3770 574 3810 uero
587 3754 722 3823 Principe.

402 3848 519 3906 veraces
531 3847 584 3903 sint
600 3844 713 3913 notarii,

372 3940 496 3998 Pencndo
508 3939 587 3994 tidem
599 3937 682 3993 aniini
700 3954 708 3992 z

366 4032 422 4089 Nec
432 4045 549 4102 unquam
560 4045 608 4100 pro
623 4025 742 4085 denariis

364 4122 445 4179 Falsa
460 4120 579 4177 scribant
590 4119 616 4174 in
630 4117 769 4174 cbartulis.

403 4212 587 4268 castaldiones
600 4208 699 4280 popali,

366 4303 401 4358 Et
414 4316 507 4357 ontrres
524 4300 697 4364 vicedomini,

367 4390 406 4447 Ne
418 4398 558 4458 torqueant
565 4387 709 4456 justitiam,

369 4479 425 4535 Nee
447 4477 606 4531 manducent
623 4476 743 4532 seruitia.

407 4566 712 4632 Tenentesnrinisteria,

370 4661 436 4719 Cum
455 4658 533 4715 malis
546 4675 599 4715 nou
613 4660 786 4725 concremant,

368 4752 452 4810 lleete
466 4761 556 4807 tamen
571 4752 735 4818 deserviant,

369 4842 408 4899 Ne
419 4843 488 4897 burra
503 4841 618 4912 perdant
630 4841 737 4896 rnerita.

404 4935 586 4988 Advocatores
598 4932 697 5002 placita

369 5022 407 5081 Ne
423 5022 548 5078 fraudent
558 5032 617 5078 arte
626 5022 732 5094 aliqua;

372 5113 503 5170 lielaxent
519 5112 609 5167 crinitis
621 5112 695 5178 vitia,

370 5202 405 5263 Et
415 5201 682 5274 exquirantiinlicia.

410 5292 692 5358 Nulluseonsiliarius,

371 5388 425 5442 Aut
437 5385 624 5449 auricularius,

373 5479 487 5548 Propter
497 5478 632 5533 mundana
646 5491 787 5549 prospera,

372 5568 408 5624 Se
421 5567 539 5625 confidat
552 5569 578 5623 in
592 5567 688 5639 pluria.

362 5683 369 5695 ·
408 5658 503 5714 llissm
521 5661 667 5730 prudenter
683 5660 770 5732 sapiat
841 5715 843 5721 ,

376 5745 512 5806 Knarram
524 5749 674 5819 mlssatica,

1005 499 1029 552 Α

1012 1837 1036 1894 tt

1149 479 1159 492 ¹
1186 488 1224 539 lte
1237 483 1402 554 stupetactus
1415 480 1522 550 publice

1185 575 1301 630 Verbum
1314 573 1386 626 dieat
1398 570 1504 626 inutile.

1213 660 1335 715 Nutritus
1348 668 1429 729 atque
1441 658 1559 727 sapiens.

1184 754 1294 810 Timens
1308 753 1392 807 Derim
1405 751 1548 811 ueraciter.

1182 845 1320 900 Amandus
1334 852 1405 899 esta
1421 843 1546 908 bomine,

1182 935 1343 991 Laudandus
1353 943 1420 990 esta
1434 935 1543 1005 popolo.

1220 1030 1353 1098 Receptor
1366 1027 1459 1083 celans
1475 1027 1551 1092 vitia,

1186 1119 1221 1175 tn
1234 1118 1301 1174 laisa
1316 1119 1389 1173 canit
1402 1117 1500 1179 [istola.

1185 1210 1306 1265 Ridendu
1323 1209 1402 1262 rerba
1415 1207 1515 1263 dudum

1185 1302 1213 1355 ln
1225 1302 1306 1355 corde
1318 1299 1387 1353 rnale
1402 1300 1527 1354 seminat.

1219 1390 1362 1463 llypuerita
1376 1404 1406 1445 se
1417 1389 1548 1447 ainmlans

1186 1479 1268 1534 llulta
1281 1480 1422 1535 abscondit
1432 1479 1509 1544 uitia,

1192 1571 1300 1628 Vultum
1315 1572 1482 1626 demonstrat
1493 1570 1638 1641 placidum,

1187 1663 1215 1717 ln
1226 1662 1307 1717 eorde
1319 1671 1406 1732 portat
1420 1661 1547 1734 gladium.

1222 1757 1327 1813 Ebriosi
1341 1757 1485 1814 miserrimi

1191 1848 1339 1904 infremunt
1348 1857 1378 1904 at
1391 1849 1550 1920 phrenetici.

1190 1941 1285 1998 llentis
1296 1942 1411 2011 perdunt
1423 1944 1591 2007 memoriam.

1189 2031 1260 2087 Nibil
1269 2031 1333 2087 boul
1344 2032 1504 2103 excogitant.

1225 2120 1325 2176 doure
1336 2121 1426 2189 etiarn,
1437 2123 1510 2189 laici,

1189 2210 1240 2278 Qui
1253 2210 1360 2267 Christo
1374 2211 1540 2268 famulamini
1559 2232 1567 2269 :

1155 2294 1170 2337 ⁸
1191 2302 1243 2357 Pro
1257 2302 1311 2356 ullo
1323 2318 1441 2374 unquam
1460 2304 1585 2373 crimine,
1695 2332 1703 2354 ι

1192 2389 1319 2445 Pastores
1330 2406 1382 2445 nnn
1398 2392 1543 2462 despicite;

1192 2477 1323 2549 Operibus
1337 2482 1467 2548 perficite,

1191 2570 1221 2628 ln
1234 2572 1361 2627 cordibus
1372 2575 1524 2630 describite.

1228 2665 1379 2736 Antequam
1395 2682 1468 2722 mors
1481 2667 1619 2737 adveniat,

1195 2755 1250 2811 [leo
1269 2757 1366 2811 donate
1380 2758 1498 2813 decimas
1513 2775 1521 2813 ε

1199 2846 1293 2902 Securi
1309 2848 1372 2902 ltine
1382 2849 1502 2908 eripitis

1194 2938 1227 2992 Et
1239 2938 1336 2993 ctelmu
1352 2941 1531 3009 possidebitis.

1230 3028 1336 3084 Uxores
1351 3045 1414 3084 reru
1429 3031 1543 3102 diligite,

1195 3119 1277 3176 Natos
1290 3130 1395 3177 uestros
1407 3123 1537 3192 corripite
1542 3141 1551 3191 ;

1195 3212 1247 3269 Sed
1261 3229 1309 3269 uos
1320 3215 1432 3270 ancillas
1442 3219 1535 3288 regite,

1196 3304 1268 3377 Opus
1278 3308 1318 3363 eis
1332 3309 1486 3379 impendite.

1234 3396 1283 3462 Qui
1300 3397 1377 3453 timet
1390 3400 1472 3453 Deum
1484 3402 1603 3457 omnium

1197 3483 1255 3539 Nou
1264 3486 1334 3555 juret
1347 3503 1395 3556 per
1416 3490 1552 3558 nepotiana
1570 3508 1576 3544 ε

1141 3590 1144 3595 ·
1196 3573 1545 3645 Neeproeoncupiscentia

1201 3662 1286 3719 Ullius
1299 3666 1403 3721 fraudet
1418 3668 1514 3736 pretia.

1237 3753 1325 3809 Duces
1335 3770 1395 3811 cnm
1410 3756 1547 3813 beneticiis

1201 3841 1243 3897 Ad
1256 3842 1371 3898 inuicem
1382 3847 1554 3913 consentiant,

1200 3933 1254 3989 [len
1266 3949 1327 3991 eum
1340 3935 1392 3992 ttde
1406 3938 1534 3994 sentiant.

1205 4026 1259 4097 59
1273 4026 1348 4082 ilites
1361 4029 1394 4083 ad
1407 4044 1521 4099 puppam
1534 4046 1680 4105 peragram

1201 4116 1285 4171 Deum
1300 4117 1327 4171 iu
1339 4127 1428 4173 mente
1443 4129 1533 4175 teneat
1550 4136 1558 4175 a

1204 4205 1321 4263 rittooes
1335 4223 1440 4277 semper
1455 4221 1565 4265 careant

1203 4295 1344 4353 Nedicant
1359 4299 1419 4370 plus
1431 4315 1510 4370 quani
1526 4303 1657 4362 audianta

1241 4388 1382 4445 Placentes
1392 4407 1440 4461 per
1457 4394 1630 4450 mendaciuml

1205 4477 1348 4534 Peccatum
1360 4493 1442 4551 agunt
1456 4484 1618 4553 maximnm

1160 4570 1176 4581 “
1209 4569 1282 4627 Viles
1300 4581 1430 4642 apparent
1442 4575 1558 4641 meaios

1207 4660 1240 4715 Et
1251 4670 1313 4715 sunt
1326 4663 1352 4715 iu
1370 4663 1514 4731 vituperio.

1246 4749 1368 4805 Potestas
1382 4753 1493 4807 mundet
1506 4752 1583 4819 vitia,

1208 4841 1291 4896 Furta
1303 4852 1330 4898 et
1340 4842 1479 4899 latrocinia
1494 4861 1502 4910 ;

1210 4932 1245 4989 tlt
1259 4934 1360 5001 caeteri,
1375 4934 1513 5002 perterriti

1209 5022 1335 5078 'timeant
1344 5037 1452 5092 poenarn
1463 5025 1604 5096 consequi.

1245 5113 1527 5183 conjrrgataeterutne

1210 5203 1312 5260 Tenere
1325 5204 1404 5260 tidem
1421 5206 1549 5275 prouder

1210 5292 1311 5349 bonos
1325 5303 1430 5349 vestras
1445 5294 1590 5365 disponite.

1212 5382 1255 5439 Ad
1269 5383 1398 5456 templum
1413 5384 1462 5440 liei
1476 5386 1589 5449 currite.

1249 5473 1350 5530 llutate
1362 5486 1477 5542 testem.
1492 5479 1590 5547 sidua,

1213 5565 1242 5619 lu
1255 5567 1379 5621 castitate
1397 5565 1477 5622 uirile
1492 5586 1499 5621 :

1218 5654 1397 5713 luxuriantes
1410 5658 1504 5731 legite.

1213 5745 1251 5802 Ne
1262 5750 1364 5818 possint
1378 5764 1425 5805 eos
1438 5752 1573 5823 decipere.
