4017 6192
109 343 163 404 463
337 341 368 403 S.
389 338 501 401 esrai
519 338 681 400 ulutatu
699 291 778 400 dre.
799 335 924 399 bouus
944 334 1016 400 SEU
1036 335 1131 401 PARS
1150 336 1202 420 ΠΙ.
1223 373 1257 385 -
1276 338 1471 403 opuscula
1490 337 1618 403 vaula.
1799 343 1850 406 ldd

112 469 149 528 ad
168 469 248 528 hunc
273 471 387 540 portum
405 481 489 525 mens
513 464 579 522 laeta
595 462 751 536 confugiat,
771 468 799 523 et
824 463 906 522 velut
927 461 1092 538 inbeligis,
1108 478 1174 524 cum
1188 479 1223 523 eo
1236 464 1324 525 simul
1343 464 1558 525 immortalibus
1572 466 1685 536 divitiis
1700 469 1733 527 in
1748 468 1851 528 aebrui

112 557 237 632 quadam
262 554 434 614 munitionis
456 567 521 612 arce
555 551 762 611 delectabiliter
786 549 956 627 requiescat,
999 548 1081 622 regni
1107 550 1199 625 gloria
1219 551 1377 626 pertruaris
1393 571 1400 621 ;
1417 559 1445 610 et
1461 552 1538 614 inter
1563 553 1669 613 electos
1692 554 1809 614 abbates
1824 560 1851 614 te

107 653 141 706 ut
164 646 214 704 ilat
235 643 313 718 quod
337 659 389 717 per
413 642 593 701 Psalmistam
620 641 745 700 dicitur:
764 640 958 699 «abscondes
974 699 977 705 Α
995 638 1094 712 jubeat
1118 635 1149 698 ιιι
1176 642 1385 702 resurrectione
1403 640 1550 712 constitui,
1575 658 1627 717 pro
1652 644 1736 718 cuius
1752 657 1851 703 amore

108 751 157 796 eos
173 737 204 794 iu
218 733 316 793 abdito
337 730 435 790 vultus
449 730 524 810 tuia
547 729 765 789 conturbatione
790 728 955 799 bominum,
998 727 1029 785 in
1046 727 1099 786 bac
1126 728 1185 787 vita
1212 727 1248 786 de
1271 730 1408 789 abbatum
1424 733 1451 788 te
1473 730 1575 790 ordine
1597 717 1736 807 dejecisti.
1764 729 1847 803 Ecce,

108 831 225 902 protege
252 838 300 881 eos
336 820 366 878 in
397 818 582 879 tabernaculo
611 827 700 879 tuoa
735 816 957 877 contradictione
998 814 1182 877 dilectissime
1202 817 1294 889 Pater,
1312 819 1419 878 amoris
1433 817 1475 876 tui
1500 817 1655 879 dulcedine
1668 827 1847 894 provocatus,

106 914 274 986 linguarum
291 912 374 982 (Psoi.
391 911 479 982 xxa).
498 928 512 963 ι
530 907 677 982 Proposita
691 906 781 980 igitur
798 906 884 965 inerti
898 912 957 964 tor-
996 905 1069 965 dum
1093 904 1177 980 plura
1192 905 1244 965 tibi
1269 907 1395 966 scribere
1414 905 1522 977 studui,
1553 907 1714 980 epistolaris
1729 909 1849 969 modum
1910 908 1918 916 ’

107 1003 185 1079 poris
199 1001 325 1074 ignavia,
343 999 476 1059 omnium
504 999 647 1057 virtutum
672 997 777 1057 studiis
800 996 956 1070 prudenter
995 994 1145 1056 brevitatis
1169 997 1300 1066 excessi;
1326 994 1376 1055 sed
1405 1011 1474 1070 rogo
1501 997 1727 1072 omnipotentem
1748 998 1848 1058 Domi·

105 1090 236 1166 invigila,
256 1090 286 1148 in
302 1103 336 1147 eo
357 1089 436 1162 quod
458 1086 568 1161 eoepisti
583 1083 772 1144 immobiliter
792 1097 951 1157 persevera.
995 1098 1077 1155 num,
1102 1091 1135 1144 ut
1148 1091 1176 1145 et
1198 1085 1262 1143 baec
1283 1082 1335 1142 tibi
1352 1083 1458 1143 rustica
1474 1091 1502 1145 et
1526 1085 1660 1160 imperita
1677 1089 1765 1147 rerba
1780 1106 1849 1165 pro·

105 1179 164 1238 Nec
189 1178 399 1238 monasterium
425 1175 580 1251 reliquisse
603 1175 750 1248 paeniteat,
778 1170 827 1232 sed
846 1186 909 1230 sero
927 1171 955 1228 te
996 1169 1106 1244 liniant,
1120 1179 1149 1231 et
1162 1172 1193 1231 in
1219 1187 1321 1231 eorum
1343 1173 1606 1247 recompensatione
1626 1180 1675 1234 tua
1697 1190 1848 1249 prosario

103 1268 200 1343 potius
222 1275 422 1342 experrectum
440 1264 614 1324 conscientia
631 1260 831 1337 reprehendat,
853 1265 954 1337 quate·
996 1265 1046 1321 tuo
1060 1275 1142 1319 orare
1157 1259 1293 1320 sanctitas
1305 1275 1364 1319 non
1378 1259 1505 1320 desistat.

104 1373 161 1417 uus
175 1356 228 1430 qui
243 1371 322 1415 nuuc
337 1369 447 1430 pauper
459 1367 521 1412 esse
541 1366 611 1412 cum
625 1350 738 1410 Christo
762 1348 954 1423 temporaliter
1191 1349 1234 1405 Sit
1244 1364 1339 1404 nomen
1349 1350 1459 1405 bomini
1472 1349 1647 1409 benedictam.

216 1708 395 1862 Q
425 1723 842 1839 oeuseuuuu
887 1654 1282 1834 uicusiuuu
1321 1721 1718 1838 suanuouu.

322 1949 480 2012 contus
500 1945 686 2048 waldus
707 1942 884 2020 auuluos,
906 1942 960 2004 U‘l'
980 1942 1033 2003 ab
1054 1891 1290 2006 uladislaus
1312 1944 1617 2012 euovuflauuua.

99 2333 325 2391 Annuuaurutt.
341 2360 371 2374 ·
392 2326 545 2387 Invehitur
557 2325 588 2385 lu
603 2323 720 2406 clericos
733 2321 798 2405 qm,
810 2326 843 2383 ut
856 2321 1036 2398 episcopatus
1050 2321 1106 2381 sibi
1159 2321 1270 2383 saintet
1282 2324 1435 2407 dignitates
1446 2326 1651 2391 ecclesiasticas
1664 2345 1830 2407 comparare

135 2400 322 2462 saecularium
338 2398 503 2474 principum
518 2414 548 2456 se
563 2396 717 2479 famulatur
733 2393 879 2454 addicunt.
900 2393 988 2476 Docet
1003 2401 1099 2452 autem
1115 2410 1126 2452 1
1140 2394 1180 2478 los
1192 2410 1250 2454 non
1263 2396 1369 2478 idcirco
1381 2398 1418 2456 ab
1428 2397 1547 2458 infando
1567 2400 1705 2462 Simonias
1719 2376 1841 2464 crimine

134 2473 285 2538 immunes
303 2486 375 2540 esse,
394 2469 470 2544 qnod
485 2483 608 2543 pecunia
631 2467 666 2526 ad
683 2482 730 2526 eas
745 2466 878 2524 scelestas
892 2471 1051 2546 emptiones
1072 2466 1264 2526 occidendas
1285 2481 1344 2526 non
1358 2474 1489 2541 utantur,
1504 2470 1564 2529 imo
1579 2473 1671 2532 multo
1696 2475 1788 2548 mama
1805 2490 1839 2534 ea

136 2544 220 2625 eulpa
236 2541 362 2600 irretitos
386 2540 487 2610 teneri,
502 2539 573 2615 quia
598 2538 707 2620 scilicet
724 2536 843 2666 seipsos,
858 2535 934 2615 quod
950 2550 1046 2616 majus
1059 2542 1112 2606 est,
1129 2535 1269 2618 rendunt,
1285 2545 1323 2620 ut·
1335 2540 1493 2620 sacerdotia
1504 2541 1709 2616 adipiscantur.
1727 2545 1839 2604 Princi-

135 2614 225 2688 pibus
243 2611 536 2688 quoqueearendum
556 2625 617 2668 esse
635 2618 684 2673 art.
709 2624 747 2666 ne
784 2623 835 2667 um
860 2606 999 2680 improbus
1017 2607 1219 2688 etoeilagrtrosrs
1244 2608 1414 2669 bommrbus
1437 2610 1629 2674 Ecclesiamm
1643 2616 1838 2689 gubernacula
1893 2646 1902 2664 .

134 2684 330 2754 committunt,
347 2682 442 2742 aliena
461 2687 574 2757 peccata
588 2680 620 2739 in
637 2696 668 2739 se
681 2679 855 2738 transierant
869 2695 876 2747 ;
900 2676 978 2753 quod
990 2675 1124 2751 pluribus
1137 2686 1302 2754 exaegerat,
1327 2679 1486 2760 multisque
1500 2684 1661 2746 rationibus
1675 2688 1835 2749 confirmat.

126 2878 410 2942 Domnossorusacuo
424 2872 816 2949 reverendissimoepiscopo,
829 2869 1065 2945 Parnnsaregm
1093 2871 1236 2931 oriundus
1260 2871 1296 2933 ad
1310 2874 1398 2949 regia
1418 2875 1565 2954 dignitatis
1586 2879 1697 2957 apicem
1720 2897 1835 2956 prom.

88 2978 220 3047 peccator
232 2969 392 3030 monachus
405 2967 584 3027 servitutem.
983 2966 1078 3033 vetur,
1094 2962 1119 3021 si
1141 2961 1267 3038 denique
1280 2981 1318 3024 ex
1329 2966 1459 3041 eiusdem
1474 2969 1558 3029 iundi
1573 2971 1678 3033 accolis
1691 2971 1835 3049 quispiam

126 3061 272 3121 Admonet
297 3059 343 3118 eir
372 3056 514 3132 Sapiens:
537 3055 640 3116 «Cum
664 3058 805 3130 emptore,
834 3050 940 3127 inquit,
982 3049 1014 3108 in
1039 3051 1131 3112 rurali
1146 3052 1324 3116 villicatione
1348 3058 1551 3133 praeponitnr;
1580 3078 1638 3138 quo
1664 3069 1747 3138 pacto
1773 3064 1835 3125 3013

92 3155 195 3211 tracta·
208 3148 244 3207 de
269 3145 447 3217 venditione,
473 3160 541 3205 cum
577 3142 642 3203 niro
662 3141 752 3202 livido
779 3141 815 3200 de
839 3131 946 3214 gratiis'
981 3136 1089 3198 tibristi
1102 3141 1230 3223 Ecclesia
1243 3147 1440 3206 extraneovel
1460 3147 1558 3223 ignoto
1577 3150 1833 3226 cuilibetbomini,

86 3240 217 3318 agendis,
238 3253 306 3298 cum
323 3233 413 3310 impio
429 3234 465 3293 de
478 3225 593 3308 pietate,
611 3247 679 3292 cum
693 3230 813 3289 honesto
828 3228 863 3287 de
884 3227 938 3287 bo·
982 3232 1120 3303 tanquam
1145 3231 1209 3296 vile¹
1230 3233 1387 3306 stabulum,
1412 3238 1634 3300 committetur?
1661 3239 1692 3301 Si
1720 3248 1834 3302 terrena

87 3338 197 3393 aestate
214 3331 311 3399 (Ereti.
334 3326 462 3399 xxxviii.
484 3348 495 3376 ι
512 3322 624 3393 Quibus
638 3320 726 3380 etiam
740 3324 806 3378 ante
819 3317 937 3394 praemi-
983 3332 1111 3394 quaeque
1123 3336 1176 3394 per
1189 3336 1257 3381 suos
1272 3322 1443 3383 domesticos
1465 3325 1670 3400 disponuntur,
1689 3330 1834 3405 quomodo

84 3428 181 3483 serat:
202 3421 304 3480 «Cum
323 3418 387 3476 viro
404 3414 539 3489 religioso
562 3415 650 3471 tracta
672 3407 707 3469 de
735 3408 894 3479 sanctitate,
910 3414 939 3466 et
980 3413 1079 3466 sancta
1104 3407 1243 3481 Ecclesia,
1271 3425 1339 3486 quae
1366 3419 1511 3487 sceptrum
1535 3416 1619 3490 regni
1642 3422 1670 3476 et
1697 3418 1764 3479 aula
1789 3424 1835 3479 est

85 3526 152 3572 cum
177 3509 255 3583 justo
272 3505 308 3564 de
321 3501 433 3579 pastilis
446 3501 572 3576 (loidi-
595 3498 637 3559 De
651 3495 847 3558 sacerdotibus
869 3510 938 3568 crgo
979 3493 1104 3553 coelestis
1127 3494 1255 3570 imperii,
1280 3497 1384 3572 spretis
1397 3502 1529 3575 propriis,
1552 3501 1585 3563 in
1599 3511 1713 3566 exteros
1739 3511 1834 3566 trans-

83 3600 158 3662 nulli
176 3595 385 3672 congruentius
408 3607 504 3652 sermo
522 3590 657 3664 dirigitur
674 3604 763 3664 quam
785 3587 934 3647 sacerdoti.
978 3581 1096 3642 fertur?
1110 3582 1318 3661 Undecumque
1331 3594 1428 3648 amen
1440 3590 1487 3660 sit,
1501 3590 1526 3649 si
1540 3591 1577 3651 ab
1588 3591 1659 3667 ipsis
1671 3593 1777 3667 quibus
1789 3600 1834 3654 est

83 3689 156 3750 Cum
175 3687 284 3761 itaque,
300 3679 475 3743 uenerabilis
493 3685 582 3753 pater,
599 3676 635 3736 de
651 3675 799 3736 modernis
824 3673 936 3749 spiscn-
977 3671 1192 3746 praeponendus
1206 3673 1334 3749 eligitur,
1350 3691 1410 3736 nou
1422 3674 1578 3744 extraneus
1599 3679 1757 3755 iudicetur,

81 3781 126 3854 pis
155 3775 229 3836 mibi
254 3772 390 3849 perplura
418 3767 596 3844 displiceant,
625 3765 699 3825 illud
726 3762 936 3824 intolerabilius
1258 3814 1544 3880 CAPUTPRIMUM

81 3864 214 3928 arbitror,
242 3861 293 3937 qui
322 3855 457 3918 nonnulli
482 3855 551 3917 dum
582 3854 705 3913 bonores
732 3847 936 3910 ecclesiasticos
1547 3867 1554 3882 ·

82 3955 183 4019 aetneis
206 3950 361 4029 teporibus
376 3944 547 4007 aestuantius
560 3942 704 4012 ambiunt,
723 3941 754 3998 in
774 3937 937 3999 clientelam
1013 3924 1052 3979 ⁰⁶
1066 3924 1171 3980 destiti
1184 3923 1311 3997 ⁰b⁸⁶l¹t5⁰
1323 3929 1495 3985 mulvium
1504 3933 1663 4005 pampica
1681 3931 1792 3991 deditis.

82 4045 245 4124 potentium
281 4047 420 4114 tanquam
446 4050 543 4095 servm
573 4050 604 4093 se
630 4031 775 4092 dedititios
802 4031 963 4091 obscoene·
1014 4026 1070 4089 Sed
1084 4028 1152 4103 quis
1171 4029 1244 4089 terat
1264 4029 1308 4089 illi
1328 4031 1595 4108 ecclesiastioejure
1609 4036 1761 4110 committi,
1775 4036 1829 4113 qui

86 4137 285 4197 substernunt.
315 4125 514 4188 Ecclesiastico
539 4124 646 4199 quippe
673 4123 831 4194 deserunt,
863 4120 934 4180 dum
975 4121 1017 4185 utv
1033 4118 1183 4177 eeclesiam
1211 4119 1402 4194 nanciscatur,
1422 4122 1572 4182 ecclesiam
1589 4123 1709 4196 deserit,
1724 4134 1753 4185 et
1775 4126 1828 4186 de·
1903 4105 1918 4127 ⁹

82 4225 224 4289 Ecclesiae
248 4217 456 4293 concupiscunt
471 4233 478 4284 ;
494 4219 521 4273 et
542 4219 576 4273 ut
588 4210 772 4288 tyrannidem
794 4209 934 4284 arripiant
945 4205 1113 4291 fidignatur
1128 4209 1303 4283 obsequium
1329 4208 1490 4284 dependere
1505 4213 1639 4287 propriae,
1664 4221 1697 4274 ut
1708 4214 1766 4275 sibi
1779 4231 1828 4276 re-

81 4331 169 4392 super
192 4311 281 4381 eires,
305 4312 339 4367 ut
363 4306 403 4364 ita
416 4303 553 4373 dixerim,
575 4300 768 4376 dedignantur
781 4314 843 4357 esse
867 4315 936 4361 con-
979 4301 1076 4373 gimen
1091 4308 1203 4375 arroget
1223 4301 1511 4362 alieuae‘lPraeteraa
1535 4320 1602 4365 cum
1617 4305 1652 4364 de
1666 4306 1729 4367 viro
1748 4307 1828 4382 justo

80 4411 182 4470 cirea:
210 4399 346 4460 militiam
360 4395 487 4470 lugiunt,
512 4399 544 4452 ut
560 4391 702 4451 militibus
721 4391 934 4465 praeferentem
977 4390 1116 4464 propbeta
1141 4390 1312 4465 perhibeat:
1329 4391 1429 4463 «Quia
1450 4394 1561 4456 excutit
1584 4410 1687 4469 manus
1701 4411 1768 4455 suas
1789 4397 1828 4457 ab

80 4509 110 4562 et
123 4500 193 4558 dum
208 4506 269 4551 non
283 4487 456 4548 erubescunt
471 4483 577 4559 templo
591 4483 644 4543 Dei
659 4489 771 4542 mutare
784 4482 933 4557 palatium,
975 4479 1058 4539 omni
1073 4495 1194 4546 munere
1209 4483 1270 4554 (lca.
1295 4489 1418 4554 ιιιιιιιιι);
1434 4504 1448 4537 a
1465 4484 1532 4559 quis
1545 4499 1646 4545 euma
1669 4502 1828 4548 munerum

81 4591 117 4649 de
144 4582 284 4657 religione
311 4577 449 4638 mnouica
472 4576 504 4635 in
528 4574 661 4634 ordinem
678 4580 828 4633 transeunt
846 4571 933 4634 laico·
975 4568 1070 4627 valeat
1098 4569 1281 4643 prestatione
1309 4570 1472 4643 defendere,
1504 4571 1556 4647 qui
1587 4575 1615 4631 et
1641 4563 1828 4649 semetipsum

82 4693 159 4739 rum.
176 4672 326 4731 Virtutum
340 4684 420 4728 arma
432 4667 589 4741 deponunt,
605 4662 783 4738 procinctum
797 4661 935 4738 spiritalis
976 4653 1082 4713 alienae
1110 4655 1257 4716 servitutis
1281 4655 1403 4731 imperio
1428 4656 1542 4730 dedere,
1569 4666 1597 4718 et
1625 4660 1658 4719 in
1678 4660 1830 4722 diuturnam

83 4763 198 4827 militiae
215 4761 362 4825 deserunt,
389 4764 482 4815 castra
499 4753 705 4829 transfugiunt,
730 4751 854 4814 militare
872 4756 935 4814 cin·
976 4746 1171 4824 expeditionis
1197 4748 1342 4823 impensas
1371 4748 1520 4809 facultates
1547 4766 1626 4811 suas.
1642 4754 1830 4815 convincitur

82 4854 187 4931 gulum
214 4850 342 4908 solvunt.
360 4844 558 4918 Ilediqnantur
581 4860 647 4902 cum
664 4842 776 4904 cereris
801 4843 934 4918 stipendii
976 4836 1155 4914 profligare?
1178 4836 1346 4914 Prophetica
1371 4840 1456 4915 plane
1478 4839 1530 4900 illa
1549 4845 1692 4904 sententia
1714 4846 1756 4906 sic
1773 4862 1829 4905 eu·

83 4941 229 5018 percipere
254 4934 434 5004 donativum,
454 4932 491 4991 ad
512 4931 601 4991 sollus
625 4932 764 4991 anbelant
785 4930 936 5018 dictaturae
976 4925 1104 5000 ponitur,
1122 4931 1154 4986 ut
1173 4924 1227 4986 tria
1241 4927 1374 4988 dicautur
1386 4944 1448 4988 assa
1464 4944 1622 4990 munerum
1640 4921 1755 5008 qenera,
1771 4934 1830 4994 sci·

84 5030 129 5089 vel
143 5023 259 5101 imperii
278 5021 480 5098 principatum.
500 5018 557 5089 ont
574 5018 715 5079 nimirum
729 5018 801 5080 dum
814 5036 873 5078 nou
885 5034 937 5094 per
977 5017 1044 5075 licet
1057 5031 1195 5076 muuusa
1210 5034 1311 5090 manu,
1331 5035 1439 5079 munus
1455 5019 1493 5078 ab
1514 5019 1663 5095 obsequio,
1681 5037 1797 5082 ,munus
1809 5039 1832 5083 a

85 5115 222 5176 Ecclesia
250 5109 456 5186 ingrediuntur
491 5106 606 5176 ostium,
638 5106 688 5167 sed
723 5122 773 5180 per
799 5109 937 5167 saeculare
978 5105 1078 5180 lingua
1094 5105 1161 5176 (18).
1178 5103 1212 5163 Et
1224 5123 1332 5168 munus
1345 5107 1746 5185 quidemamanupecunia,
1762 5129 1832 5174 mu.

86 5202 239 5280 posticum,
255 5217 313 5260 nou
336 5204 464 5273 pastores
485 5198 596 5268 ovium,
617 5197 666 5257 sed
682 5198 761 5258 iures
774 5203 802 5255 et
814 5196 938 5257 latrones
979 5211 1036 5255 nus
1050 5196 1087 5254 ab
1111 5193 1250 5272 obsequio
1275 5197 1438 5258 obedientia
1454 5195 1653 5276 subjectionis,
1682 5217 1790 5263 munus
1812 5217 1835 5263 a

86 5293 180 5351 liunt:
201 5288 328 5349 Veritate
351 5287 534 5363 perhibente,
549 5302 616 5361 quae
639 5285 700 5345 ait:
722 5284 799 5355 ·0ui
815 5301 874 5345 non
891 5284 937 5344 in·
978 5285 1079 5359 lingua
1093 5285 1175 5344 saror
1188 5287 1398 5347 assentationis.
1544 5357 1554 5372 ,

88 5383 144 5440 trat
156 5394 209 5455 per
223 5378 330 5438 ostium
346 5378 378 5436 in
394 5376 470 5436 ovile
483 5376 594 5447 otium,
612 5373 663 5434 ille
676 5375 723 5434 lur
739 5382 791 5446 est,
815 5382 843 5435 et
864 5375 937 5435 latro
1017 5372 1091 5430 465
1107 5371 1164 5437 Sed
1185 5376 1209 5436 si
1235 5377 1290 5438 rite
1313 5377 1534 5446 considerentur
1555 5384 1619 5444 haec
1638 5379 1694 5446 tria
1724 5401 1833 5446 mune.

86 5472 177 5540 (loca.
193 5471 237 5537 x).
256 5491 267 5518 ι
286 5467 378 5526 Ροιιο
402 5466 428 5524 si
455 5481 514 5526 non
530 5481 567 5524 ex
582 5461 687 5536 aliena,
712 5462 763 5522 sed
777 5478 816 5522 ex
836 5464 936 5540 eadem
977 5477 1044 5523 rum
1060 5480 1174 5538 genera,
1189 5465 1222 5525 in
1234 5483 1268 5528 eo
1282 5469 1359 5541 quod
1373 5470 1501 5530 medium
1509 5473 1636 5547 ponitur,
1646 5480 1675 5533 et
1689 5474 1833 5552 primum,

86 5557 193 5620 militia
209 5557 337 5618 militum
355 5556 489 5617 tribunus
503 5553 630 5628 eligitur,
645 5550 790 5628 sisaepius
807 5552 936 5628 ejusdam
977 5549 1068 5612 simul
1087 5559 1116 5612 et
1139 5554 1257 5616 tertium
1284 5556 1458 5620 continetur.
1487 5558 1698 5621 inobedientia
1720 5561 1835 5639 quippe
1861 5545 1872 5570 ⁸

118 5749 172 5815 (18)
183 5750 218 5803 lle
230 5747 273 5800 bls
284 5745 364 5801 etiarn
377 5745 491 5809 epistola
503 5748 512 5798 t
528 5744 586 5798 libri
600 5758 631 5800 ιι.
