4017 6192
710 276 864 335 dnutttrit
883 276 926 333 ΕΤ
942 274 1086 332 PUECES·

150 389 179 445 in
191 390 243 447 boo
255 385 323 446 orbe
335 389 530 461 spectaculum.
630 384 635 393 '

190 479 292 538 liector
306 481 380 547 omli,
394 480 533 549 detenet,
548 485 677 555 petimus,

153 570 226 626 Lora
238 585 357 637 mersos,
370 571 446 630 solve
461 588 555 640 nexos,

152 660 243 733 ilegni
255 664 343 720 salicti
356 665 461 722 meritis
474 664 618 724 vincentii.

186 757 226 811 Tu
242 771 311 827 quos
326 756 418 812 multat
431 769 566 829 premunt
579 760 664 831 culpe
677 765 788 827 suscito,

152 845 217 917 Fige
228 854 320 903 nostra
334 862 441 904 sursum
454 849 550 914 corda,

153 934 212 1004 Quo
225 934 263 990 nil
275 944 368 991 ament
376 947 475 1008 prmter
489 940 621 996 cmlestie.

187 1023 224 1079 Ue
238 1025 354 1082 terrenis
373 1027 399 1083 in
414 1028 544 1085 extremis

153 1112 221 1172 cett
233 1115 307 1173 eelsa
321 1118 465 1183 scandere,

153 1204 227 1272 Quos
240 1205 370 1262 misertus
384 1207 523 1264 redemisti

155 1294 280 1354 Pretioso
297 1300 439 1371 sanguine,

153 1384 205 1455 Qui
217 1401 266 1458 per
279 1403 365 1444 etum
377 1390 439 1462 jura
456 1407 548 1449 rerunt
562 1394 681 1452 ordines.

188 1477 249 1535 iiex
262 1478 412 1539 immensus
424 1491 453 1540 et
464 1494 594 1551 aeternus,

152 1567 237 1639 Gujns
250 1580 346 1627 nutum
360 1583 458 1630 cuncta
476 1584 597 1632 tremunt
613 1576 732 1640 condita,

154 1658 204 1729 Qui
218 1675 281 1717 eum
295 1662 389 1732 Patre,
401 1663 559 1738 Spirituque
573 1676 668 1724 suncto

154 1749 262 1823 iiegnas
276 1752 383 1837 induite
395 1770 444 1827 per
456 1756 566 1814 secula.
580 1760 679 1814 Arnen.

258 1844 348 1903 xcvi.
370 1848 408 1904 De
424 1847 456 1906 S.
474 1847 562 1905 Vitole
575 1863 702 1922 martyre.

337 1935 459 2009 Ugernum
471 1939 507 1994 nd
518 1937 620 1995 londes.

189 2023 296 2098 insigne
310 2027 394 2085 decus
407 2037 570 2101 martyrum,

152 2112 265 2169 istrum
276 2114 372 2173 Vitalis
390 2132 502 2174 aureum

151 2202 205 2260 Per
216 2203 329 2277 gloriam
342 2209 501 2266 certaminis

154 2294 255 2354 Urbem
270 2297 412 2370 pertundit
428 2301 520 2357 radiis.

189 2386 261 2444 Ense
275 2390 437 2457 precinctus
451 2390 524 2457 iidei,

156 2475 259 2535 Christi
277 2480 414 2535 succurrit
428 2480 526 2535 militi:
555 2540 564 2560 ι

155 2565 223 2620 nun
238 2566 314 2638 lapso
328 2583 438 2625 monum
450 2571 574 2643 porrigit,

156 2653 267 2733 Uostem
282 2656 389 2714 sulcare
399 2659 502 2715 docuit.

190 2746 313 2818 Εᾳιιιιιοο
327 2751 512 2823 suspenditnr,

158 2835 212 2894 Sed
226 2854 305 2910 pient
320 2843 534 2913 parvipenditur,

155 2929 265 2986 inituris
282 2930 365 2987 ardor
380 2932 469 2988 intimi

158 3016 217 3075 Non
233 3020 318 3076 sentit
331 3022 384 3076 rim
397 3022 533 3094 supplicii.

225 3111 279 3185 33
292 3113 383 3169 Terre
399 3128 506 3172 mersus
520 3114 659 3182 infoditur,

191 3200 247 3260 Sed
258 3218 341 3273 super
353 3213 428 3260 astra
445 3204 567 3263 tollitur:

192 3290 322 3351 Ubruitur
332 3296 487 3364 ruderibus,

195 3388 292 3448 Radiat
307 3391 335 3447 in
345 3390 511 3450 celestibus.

227 3481 293 3549 Nos,
304 3492 410 3555 martyr
424 3485 612 3551 invictissime,

197 3573 236 3628 Ua
248 3581 310 3645 post
324 3574 431 3631 ruinam
444 3575 570 3641 vincere,
683 3606 692 3617 ι

192 3663 330 3737 [lignoque
345 3676 408 3738 post
422 3666 564 3723 victoriam

192 3757 234 3812 Ad
246 3759 309 3813 cteli
320 3758 438 3816 transfer
449 3759 574 3831 glorium.

231 3845 354 3903 SitPutri
368 3848 427 3905 inus
441 3849 576 3921 ingenito,

194 3937 238 3993 Sit
253 3939 335 3995 decus
347 3936 507 4012 Unigenito,

196 4027 237 4085 Sit
248 4031 391 4100 utriusque
408 4030 487 4100 parili

194 4119 321 4191 iiajestus
335 4135 439 4177 summu
452 4119 579 4176 Flamini.
591 4123 688 4177 Amen,

159 4210 263 4270 XCVU.
282 4210 317 4266 ln
330 4212 470 4282 {estioitatt
489 4212 520 4269 S.
532 4212 661 4270 Antitinsi.
676 4213 808 4286 ligentur.

232 4303 339 4375 insigne
355 4304 438 4360 decus
453 4313 601 4377 martyrum

194 4391 267 4449 Laus
277 4402 369 4449 nostre
381 4403 490 4464 promat
503 4394 678 4462 dntbimum,

196 4481 279 4552 Cujus
291 4491 426 4540 testentur
439 4484 529 4540 omnin

197 4573 336 4630 Elementa
350 4577 502 4632 victoriam.

234 4663 353 4721 Furores
368 4665 457 4722 calcat
468 4667 633 4738 principum,

198 4753 292 4812 blanns
304 4757 375 4812 ridet
387 4757 562 4825 carnificum,

199 4844 328 4902 Fundatae
337 4846 421 4903 robur
431 4847 493 4904 dulei

199 4935 258 4993 lion
271 4946 385 5008 quassat
397 4938 439 4996 ris
452 4939 587 5010 supplicii.

234 5024 299 5082 Post
309 5042 450 5084 carcerum
459 5028 612 5095 custodias,

202 5116 267 5174 Post
277 5119 421 5174 verberum
436 5119 581 5188 victorias,

201 5207 274 5265 Saxo
286 5210 391 5267 rinctus
400 5211 572 5282 suspenditur

201 5300 235 5356 Et
247 5303 287 5357 sic
301 5301 327 5357 in
338 5301 436 5359 duetus
450 5304 590 5375 mergitur.

239 5395 293 5452 Sed
305 5411 322 5451 o
336 5395 442 5452 felicem
456 5396 627 5468 iruulrugunrl

203 5487 263 5545 ilex
279 5489 381 5544 clarum
396 5491 483 5547 oertrit
494 5491 632 5561 angelum,

204 5579 318 5651 Uepuuit
332 5589 432 5650 presto
441 5579 596 5648 vinculum,

205 5669 285 5726 libor
299 5669 368 5726 rodit
379 5669 535 5741 hospitium.

1067 389 1156 462 Caput
1168 403 1254 446 caesus
1270 389 1388 453 interiit,

1033 481 1088 539 Sed
1107 481 1194 538 vietor
1208 491 1282 536 astra
1297 480 1390 551 petiit:

1033 575 1102 630 burn
1117 575 1214 632 mortis
1227 573 1279 631 lert
1289 573 1438 636 atrociam,

1033 665 1101 722 iiitae
1117 674 1253 720 mersatur
1267 664 1391 736 gloriam.

1069 752 1173 824 tingnis
1183 764 1307 809 notorum
1322 753 1447 812 laudibus

1033 843 1135 915 Uignus
1146 852 1189 899 est
1200 851 1304 917 martyr
1315 845 1471 914 riothimus,

1032 932 1179 1006 porrigitis
1193 946 1222 992 et
1231 936 1355 994 mirificis

1033 1022 1084 1080 Tot
1099 1023 1197 1081 claruit
1211 1025 1350 1099 prodigiis.

1060 1114 1234 1174 ‘llici‘iniani
1249 1119 1405 1190 languidam

1032 1205 1160 1274 Curnem,
1176 1207 1257 1264 simul
1269 1217 1297 1265 et
1306 1209 1442 1273 animam,

1034 1294 1147 1353 Cunctis
1158 1296 1314 1353 morborum
1329 1297 1444 1354 neribus

1034 1384 1126 1444 Sacris
1137 1386 1254 1444 absolvit
1262 1388 1398 1460 precibus.

1070 1478 1176 1535 Vesana
1191 1480 1296 1537 daemon
1308 1479 1380 1538 luria

1033 1567 1183 1637 Quendam
1196 1579 1278 1627 reret
1296 1571 1324 1627 in
1340 1570 1471 1638 vulnera3

1033 1659 1112 1717 Pacis
1127 1661 1214 1719 boetis
1227 1661 1382 1733 expellitur,

1038 1751 1084 1807 Sic
1096 1766 1173 1809 mens
1185 1761 1282 1823 pacata
1297 1753 1429 1810 redditur.

1072 1841 1121 1909 Tc,
1135 1851 1240 1915 martyr
1251 1843 1333 1910 aime,
1348 1844 1489 1915 poscimus

1034 1931 1130 1990 Cordis
1139 1932 1250 2004 orisque
1261 1933 1388 1999 notibus,

1034 2022 1071 2080 Ut
1085 2038 1135 2107 nos
1148 2024 1290 2080 tremendo
1300 2021 1387 2081 ludici

1034 2113 1215 2172 commendes
1228 2130 1310 2188 preec
1319 2115 1442 2189 supplici.

1068 2205 1111 2264 Sit
1122 2207 1197 2264 Patri
1212 2208 1272 2266 laus
1287 2209 1423 2283 ingenito,

1035 2300 1078 2356 Sit
1091 2303 1175 2357 decus
1195 2301 1355 2375 Unigenito,

1037 2390 1080 2445 Sit
1092 2391 1234 2462 utriusque
1243 2392 1322 2464 puniti

1036 2478 1162 2551 llnjestus
1176 2495 1281 2536 summa
1290 2480 1416 2537 Flamini.
1431 2483 1528 2539 butten.

990 2569 1105 2627 xcviii.
1121 2569 1156 2626 ln
1170 2570 1377 2628 solemnitate&
1395 2571 1520 2630 Ursicini.
1536 2570 1665 2646 Ugmettt.

1070 2660 1153 2718 Dulce
1169 2668 1273 2734 martyr
1286 2661 1402 2718 eximius

1034 2750 1146 2808 Festum
1159 2752 1263 2825 praebet
1283 2750 1440 2819 Ursicinus,

1035 2840 1095 2910 Quo
1106 2843 1195 2900 vietus
1210 2843 1297 2901 uictor
1315 2843 1434 2911 exstitit,

1035 2934 1069 2991 Et
1083 2934 1174 2992 clame
1187 2944 1261 2992 astra
1279 2935 1365 3008 petiit.

1034 3074 1045 3093 ,
1072 3021 1141 3079 Nam
1156 3038 1250 3095 peenas
1263 3035 1324 3096 post
1334 3023 1477 3083 borrideas

1035 3114 1132 3170 Carnis
1146 3122 1226 3185 pavet
1237 3114 1396 3181 infirmitas,

1038 3205 1092 3262 Sed
1106 3222 1168 3263 rnox
1183 3208 1216 3263 ed
1230 3222 1278 3264 eor
1296 3206 1450 3274 reuertitur,

1037 3296 1071 3352 Et
1084 3295 1162 3353 letus
1172 3298 1199 3351 in
1215 3312 1245 3353 se
1257 3297 1369 3354 ceditur
1385 3314 1391 3350 :

1076 3388 1169 3461 Digne
1182 3398 1278 3462 raptor
1288 3388 1396 3446 erubuit

1038 3482 1150 3552 Rapinae
1163 3497 1225 3538 oum
1237 3483 1396 3550 succubuit,

1038 3571 1094 3646 34
1107 3572 1141 3627 Et
1150 3572 1227 3630 lroste
1238 3572 1313 3645 tapso
1324 3574 1458 3645 perdidit,

1039 3660 1090 3729 Qui
1100 3662 1183 3719 stanti
1195 3663 1296 3720 vuinus
1310 3663 1411 3720 intulit.

1073 3755 1107 3810 Et
1125 3771 1176 3813 nos
1187 3756 1257 3813 inter
1267 3756 1427 3822 certamina,

1038 3845 1139 3921 llnrtyr
1157 3846 1282 3919 insignis,
1297 3846 1416 3919 adjuva,

1038 3935 1076 3991 be
1090 3936 1251 3993 dissidentes
1265 3936 1350 3994 fidere

1038 4025 1184 4100 Victorque
1198 4043 1306 4087 rursum
1324 4029 1444 4086 vincere.

1075 4116 1131 4185 Sic,
1144 4119 1297 4175 animarum
1312 4118 1449 4185 medicus,

1037 4208 1111 4266 eder
1122 4225 1201 4280 opetn
1211 4209 1424 4282 languentibum.

1040 4300 1143 4357 Uaustu
1157 4299 1279 4357 scelestis
1291 4298 1387 4372 gratim

1040 4391 1131 4462 AEgrae
1142 4399 1272 4447 curantur
1281 4390 1389 4448 anime.

1074 4480 1117 4537 Sit
1133 4481 1209 4538 Patri
1219 4481 1278 4539 laus
1288 4482 1423 4556 ingenito,

1040 4574 1084 4630 Sit
1096 4573 1179 4632 decus
1189 4575 1352 4648 Unigenito,

1040 4664 1233 4737 Situtriusque
1250 4667 1329 4738 parili

1040 4756 1166 4829 ttaycsns
1180 4772 1285 4815 summu
1298 4758 1423 4814 Flamini,
1437 4761 1532 4815 Anien.

982 4847 1075 4905 XClX.
1095 4846 1179 4903 llirsa
1192 4857 1451 4915 sanctoremsrptent
1468 4846 1668 4902 Uorntientinrn.

1281 4936 1386 4995 Oratio.

971 5032 1053 5099 Deus,
1066 5032 1112 5103 qui
1129 5031 1156 5087 in
1182 5031 1269 5087 beatis
1291 5029 1455 5103 martyribus
1478 5031 1531 5086 tuis
1549 5027 1723 5099 iiaximiano,

935 5123 1049 5190 iiulcbo,
1068 5123 1239 5187 Martiniano,
1252 5122 1392 5195 Dionysio,
1404 5121 1518 5187 loaurm,
1534 5120 1683 5192 Serapione
1696 5128 1724 5176 et

935 5214 1121 5279 Constantino,
1143 5212 1240 5270 lutere
1262 5214 1470 5270 resurrectionis
1487 5212 1620 5285 primitias
1639 5210 1725 5269 susci·

938 5302 1060 5369 tusti,'da
1071 5305 1150 5362 nobis
1163 5303 1203 5361 sic
1220 5319 1235 5359 a
1248 5304 1341 5360 mundi
1360 5304 1564 5375 perturbatione
1574 5304 1724 5375 quiescere,

938 5407 969 5453 ut
983 5400 1017 5455 nd
1031 5397 1169 5455 celestem
1193 5398 1277 5454 vitam
1298 5410 1451 5454 mereamur
1464 5397 1497 5453 de
1521 5403 1599 5452 terre
1614 5395 1724 5467 pulvere

938 5490 1058 5562 uigilare.
1071 5488 1133 5546 Per.

974 5669 1084 5726 lluucru
1099 5667 1189 5741 populi
1206 5668 1254 5737 tui,
1268 5682 1432 5739 (praesumus,
1447 5667 1571 5737 Doutine,
1584 5666 1723 5724 bontorutu
