<?xml version="1.0" encoding="UTF-8"?>
<!DOCTYPE html PUBLIC "-//W3C//DTD XHTML 1.0 Transitional//EN"
    "http://www.w3.org/TR/xhtml1/DTD/xhtml1-transitional.dtd">
<html xmlns="http://www.w3.org/1999/xhtml" xml:lang="en" lang="en">
 <head>
  <title>
</title>
<meta http-equiv="Content-Type" content="text/html;charset=utf-8" />
  <meta name='ocr-system' content='tesseract 3.04.00' />
  <meta name='ocr-capabilities' content='ocr_page ocr_carea ocr_par ocr_line ocrx_word'/>
</head>
<body>
  <div class='ocr_page' id='page_1' title='image "./patrologiaecurs129migngoog/patrologiaecurs129migngoog_0059.png"; bbox 0 0 4017 6192; ppageno 0'>
   <div class='ocr_carea' id='block_1_1' title="bbox 208 195 1902 270">
    <p class='ocr_par' dir='ltr' id='par_1_1' title="bbox 208 195 1902 270">
     <span class='ocr_line' id='line_1_1' title="bbox 208 195 1902 270; baseline 0.002 -17"><span class='ocrx_word' id='word_1_1' title='bbox 208 200 262 253; x_wconf 74' lang='lat' dir='ltr'>tut</span> <span class='ocrx_word' id='word_1_2' title='bbox 429 198 459 255; x_wconf 86' lang='lat' dir='ltr'>S.</span> <span class='ocrx_word' id='word_1_3' title='bbox 480 195 742 255; x_wconf 72' lang='lat' dir='ltr'>resalutaturum</span> <span class='ocrx_word' id='word_1_4' title='bbox 762 196 839 255; x_wconf 76' lang='lat' dir='ltr'><strong>OPP.</strong></span> <span class='ocrx_word' id='word_1_5' title='bbox 858 199 976 256; x_wconf 78' lang='lat' dir='ltr'>fultus</span> <span class='ocrx_word' id='word_1_6' title='bbox 995 199 1063 257; x_wconf 77' lang='lat' dir='ltr'>SEU</span> <span class='ocrx_word' id='word_1_7' title='bbox 1081 200 1171 259; x_wconf 73' lang='lat' dir='ltr'>Putes</span> <span class='ocrx_word' id='word_1_8' title='bbox 1188 203 1231 258; x_wconf 85' lang='lat' dir='ltr'>tlt.</span> <span class='ocrx_word' id='word_1_9' title='bbox 1247 233 1282 245; x_wconf 89' lang='lat'><em>-</em></span> <span class='ocrx_word' id='word_1_10' title='bbox 1300 202 1482 262; x_wconf 70' lang='lat' dir='ltr'>orbsctma</span> <span class='ocrx_word' id='word_1_11' title='bbox 1501 206 1618 263; x_wconf 78' lang='lat' dir='ltr'>t&#39;altta.</span> <span class='ocrx_word' id='word_1_12' title='bbox 1790 213 1841 270; x_wconf 75' lang='grc'>108</span> <span class='ocrx_word' id='word_1_13' title='bbox 1895 246 1902 257; x_wconf 94' lang='grc'><strong>.</strong></span> 
     </span>
    </p>
   </div>
   <div class='ocr_carea' id='block_1_2' title="bbox 165 307 1846 4977">
    <p class='ocr_par' dir='ltr' id='par_1_2' title="bbox 165 307 1846 4977">
     <span class='ocr_line' id='line_1_2' title="bbox 209 307 1841 396; baseline 0.006 -28"><span class='ocrx_word' id='word_1_14' title='bbox 209 312 278 368; x_wconf 82' lang='lat' dir='ltr'>riuis</span> <span class='ocrx_word' id='word_1_15' title='bbox 294 309 409 382; x_wconf 87' lang='lat' dir='ltr'>gratiam</span> <span class='ocrx_word' id='word_1_16' title='bbox 423 310 539 364; x_wconf 89' lang='lat' dir='ltr'>vendere</span> <span class='ocrx_word' id='word_1_17' title='bbox 555 307 714 372; x_wconf 86' lang='lat' dir='ltr'>conabatur,</span> <span class='ocrx_word' id='word_1_18' title='bbox 728 322 789 363; x_wconf 90' lang='lat' dir='ltr'>enm</span> <span class='ocrx_word' id='word_1_19' title='bbox 803 308 835 361; x_wconf 93' lang='lat' dir='ltr'>ad</span> <span class='ocrx_word' id='word_1_20' title='bbox 848 307 1004 377; x_wconf 88' lang='lat' dir='ltr'>pmnrissio·</span> <span class='ocrx_word' id='word_1_21' title='bbox 1017 315 1041 371; x_wconf 78' lang='grc' dir='ltr'>Α</span> <span class='ocrx_word' id='word_1_22' title='bbox 1055 309 1191 372; x_wconf 89' lang='lat' dir='ltr'>credatur,</span> <span class='ocrx_word' id='word_1_23' title='bbox 1208 310 1270 380; x_wconf 84' lang='lat' dir='ltr'>qrria</span> <span class='ocrx_word' id='word_1_24' title='bbox 1288 326 1336 382; x_wconf 90' lang='lat' dir='ltr'>per</span> <span class='ocrx_word' id='word_1_25' title='bbox 1348 312 1456 385; x_wconf 76' lang='lat' dir='ltr'>liogsen</span> <span class='ocrx_word' id='word_1_26' title='bbox 1469 315 1620 385; x_wconf 86' lang='lat' dir='ltr'>appellatur</span> <span class='ocrx_word' id='word_1_27' title='bbox 1631 317 1761 385; x_wconf 88' lang='lat' dir='ltr'>harlofns,</span> <span class='ocrx_word' id='word_1_28' title='bbox 1772 321 1841 396; x_wconf 86' lang='lat' dir='ltr'>vigl-</span> 
     </span>
     <span class='ocr_line' id='line_1_3' title="bbox 208 394 1841 474; baseline 0.005 -16"><span class='ocrx_word' id='word_1_29' title='bbox 208 418 271 459; x_wconf 88' lang='lat' dir='ltr'>nem</span> <span class='ocrx_word' id='word_1_30' title='bbox 284 401 364 473; x_wconf 87' lang='lat' dir='ltr'>pretii</span> <span class='ocrx_word' id='word_1_31' title='bbox 375 399 525 456; x_wconf 87' lang='lat' dir='ltr'>hariolatus</span> <span class='ocrx_word' id='word_1_32' title='bbox 536 399 578 454; x_wconf 89' lang='lat' dir='ltr'>sui</span> <span class='ocrx_word' id='word_1_33' title='bbox 594 398 769 468; x_wconf 77' lang='lat' dir='ltr'>depromebat</span> <span class='ocrx_word' id='word_1_34' title='bbox 780 397 937 453; x_wconf 88' lang='lat' dir='ltr'>oraenlnml</span> <span class='ocrx_word' id='word_1_35' title='bbox 951 397 998 454; x_wconf 92' lang='lat' dir='ltr'>Sic</span> <span class='ocrx_word' id='word_1_36' title='bbox 1049 394 1136 452; x_wconf 80' lang='lat' dir='ltr'>lanum</span> <span class='ocrx_word' id='word_1_37' title='bbox 1154 397 1274 469; x_wconf 84' lang='lat' dir='ltr'>ejusdem</span> <span class='ocrx_word' id='word_1_38' title='bbox 1296 402 1418 457; x_wconf 76' lang='lat' dir='ltr'>historia</span> <span class='ocrx_word' id='word_1_39' title='bbox 1438 404 1520 458; x_wconf 84' lang='lat' dir='ltr'>rerba</span> <span class='ocrx_word' id='word_1_40' title='bbox 1547 419 1685 474; x_wconf 86' lang='lat' dir='ltr'>percurre,</span> <span class='ocrx_word' id='word_1_41' title='bbox 1703 418 1731 463; x_wconf 90' lang='lat' dir='ltr'>et</span> <span class='ocrx_word' id='word_1_42' title='bbox 1744 411 1841 466; x_wconf 86' lang='lat' dir='ltr'>eodem</span> 
     </span>
     <span class='ocr_line' id='line_1_4' title="bbox 208 484 1841 564; baseline 0.005 -16"><span class='ocrx_word' id='word_1_43' title='bbox 208 493 281 549; x_wconf 91' lang='lat' dir='ltr'>enim</span> <span class='ocrx_word' id='word_1_44' title='bbox 299 492 440 563; x_wconf 76' lang='lat' dir='ltr'>Scriptura</span> <span class='ocrx_word' id='word_1_45' title='bbox 459 497 574 545; x_wconf 87' lang='lat' dir='ltr'>testatur</span> <span class='ocrx_word' id='word_1_46' title='bbox 597 488 661 558; x_wconf 85' lang='lat' dir='ltr'>quia</span> <span class='ocrx_word' id='word_1_47' title='bbox 682 486 803 542; x_wconf 76' lang='lat' dir='ltr'>seniores</span> <span class='ocrx_word' id='word_1_48' title='bbox 822 486 900 541; x_wconf 86' lang='lat' dir='ltr'>lfoab</span> <span class='ocrx_word' id='word_1_49' title='bbox 921 501 999 558; x_wconf 89' lang='lat' dir='ltr'>roga-</span> <span class='ocrx_word' id='word_1_50' title='bbox 1048 484 1145 557; x_wconf 71' lang='lat' dir='ltr'>Hoyse</span> <span class='ocrx_word' id='word_1_51' title='bbox 1155 502 1296 559; x_wconf 77' lang='lat' dir='ltr'>perspicue</span> <span class='ocrx_word' id='word_1_52' title='bbox 1307 500 1434 558; x_wconf 88' lang='lat' dir='ltr'>testante,</span> <span class='ocrx_word' id='word_1_53' title='bbox 1449 493 1567 563; x_wconf 89' lang='lat' dir='ltr'>reperies</span> <span class='ocrx_word' id='word_1_54' title='bbox 1580 511 1587 548; x_wconf 72' lang='grc' dir='ltr'><em>τ</em></span> <span class='ocrx_word' id='word_1_55' title='bbox 1602 494 1670 564; x_wconf 79' lang='lat' dir='ltr'>Quia</span> <span class='ocrx_word' id='word_1_56' title='bbox 1680 511 1744 554; x_wconf 89' lang='lat' dir='ltr'>eum</span> <span class='ocrx_word' id='word_1_57' title='bbox 1755 500 1841 557; x_wconf 84' lang='lat' dir='ltr'>vidis·</span> 
     </span>
     <span class='ocr_line' id='line_1_5' title="bbox 208 574 1840 659; baseline 0.004 -21"><span class='ocrx_word' id='word_1_58' title='bbox 208 584 274 639; x_wconf 90' lang='lat' dir='ltr'>bant</span> <span class='ocrx_word' id='word_1_59' title='bbox 286 596 360 648; x_wconf 90' lang='lat' dir='ltr'>eum,</span> <span class='ocrx_word' id='word_1_60' title='bbox 379 579 539 635; x_wconf 77' lang='lat' dir='ltr'>rhabanus</span> <span class='ocrx_word' id='word_1_61' title='bbox 552 578 669 649; x_wconf 88' lang='lat' dir='ltr'>pretium</span> <span class='ocrx_word' id='word_1_62' title='bbox 683 576 857 632; x_wconf 75' lang='lat' dir='ltr'>divinationis</span> <span class='ocrx_word' id='word_1_63' title='bbox 871 576 899 630; x_wconf 91' lang='lat' dir='ltr'>in</span> <span class='ocrx_word' id='word_1_64' title='bbox 913 576 998 631; x_wconf 86' lang='lat' dir='ltr'>ntarri-</span> <span class='ocrx_word' id='word_1_65' title='bbox 1049 584 1090 630; x_wconf 91' lang='lat' dir='ltr'>set</span> <span class='ocrx_word' id='word_1_66' title='bbox 1112 574 1196 632; x_wconf 89' lang='lat' dir='ltr'>lsrael</span> <span class='ocrx_word' id='word_1_67' title='bbox 1216 578 1243 632; x_wconf 88' lang='lat' dir='ltr'>in</span> <span class='ocrx_word' id='word_1_68' title='bbox 1265 579 1389 635; x_wconf 89' lang='lat' dir='ltr'>tentoriis</span> <span class='ocrx_word' id='word_1_69' title='bbox 1410 592 1640 659; x_wconf 66' lang='lat' dir='ltr'><strong>commorantem,</strong></span> <span class='ocrx_word' id='word_1_70' title='bbox 1662 587 1787 655; x_wconf 89' lang='lat' dir='ltr'>protinus</span> <span class='ocrx_word' id='word_1_71' title='bbox 1812 591 1840 645; x_wconf 92' lang='lat' dir='ltr'>in</span> 
     </span>
     <span class='ocr_line' id='line_1_6' title="bbox 208 666 1840 747; baseline 0.004 -18"><span class='ocrx_word' id='word_1_72' title='bbox 208 673 260 729; x_wconf 88' lang='lat' dir='ltr'>bus</span> <span class='ocrx_word' id='word_1_73' title='bbox 270 670 366 744; x_wconf 81' lang='lat' dir='ltr'>(Nam.</span> <span class='ocrx_word' id='word_1_74' title='bbox 381 668 462 742; x_wconf 82' lang='lat' dir='ltr'>xxti).</span> <span class='ocrx_word' id='word_1_75' title='bbox 476 688 486 722; x_wconf 83' lang='lat' dir='ltr'>r</span> <span class='ocrx_word' id='word_1_76' title='bbox 502 668 536 723; x_wconf 79' lang='lat' dir='ltr'>Et</span> <span class='ocrx_word' id='word_1_77' title='bbox 547 683 643 723; x_wconf 89' lang='lat' dir='ltr'>rursus</span> <span class='ocrx_word' id='word_1_78' title='bbox 656 683 705 738; x_wconf 91' lang='lat' dir='ltr'>per</span> <span class='ocrx_word' id='word_1_79' title='bbox 719 666 787 723; x_wconf 88' lang='lat' dir='ltr'>alios</span> <span class='ocrx_word' id='word_1_80' title='bbox 799 666 908 721; x_wconf 87' lang='lat' dir='ltr'>nuntios</span> <span class='ocrx_word' id='word_1_81' title='bbox 924 666 999 721; x_wconf 92' lang='lat' dir='ltr'>misit</span> <span class='ocrx_word' id='word_1_82' title='bbox 1049 666 1123 722; x_wconf 92' lang='lat' dir='ltr'>illum</span> <span class='ocrx_word' id='word_1_83' title='bbox 1140 668 1187 724; x_wconf 83' lang='lat' dir='ltr'>Dei</span> <span class='ocrx_word' id='word_1_84' title='bbox 1210 668 1327 741; x_wconf 87' lang='lat' dir='ltr'>Spiritus</span> <span class='ocrx_word' id='word_1_85' title='bbox 1346 671 1426 726; x_wconf 88' lang='lat' dir='ltr'>irmit</span> <span class='ocrx_word' id='word_1_86' title='bbox 1441 673 1536 740; x_wconf 68' lang='lat' dir='ltr'>(Naar,</span> <span class='ocrx_word' id='word_1_87' title='bbox 1548 676 1637 747; x_wconf 82' lang='lat' dir='ltr'>mv),</span> <span class='ocrx_word' id='word_1_88' title='bbox 1652 687 1681 732; x_wconf 92' lang='lat' dir='ltr'>et</span> <span class='ocrx_word' id='word_1_89' title='bbox 1698 686 1728 734; x_wconf 93' lang='lat' dir='ltr'>ut</span> <span class='ocrx_word' id='word_1_90' title='bbox 1746 695 1840 736; x_wconf 88' lang='lat' dir='ltr'>revera</span> 
     </span>
     <span class='ocr_line' id='line_1_7' title="bbox 207 756 1840 831; baseline 0.002 -11"><span class='ocrx_word' id='word_1_91' title='bbox 207 765 242 820; x_wconf 89' lang='lat' dir='ltr'>ad</span> <span class='ocrx_word' id='word_1_92' title='bbox 259 777 332 826; x_wconf 88' lang='lat' dir='ltr'>eum,</span> <span class='ocrx_word' id='word_1_93' title='bbox 348 761 446 831; x_wconf 88' lang='lat' dir='ltr'>inquit,</span> <span class='ocrx_word' id='word_1_94' title='bbox 474 759 556 816; x_wconf 80' lang='lat' dir='ltr'>Baiae</span> <span class='ocrx_word' id='word_1_95' title='bbox 577 759 648 816; x_wconf 88' lang='lat' dir='ltr'>filius</span> <span class='ocrx_word' id='word_1_96' title='bbox 665 758 780 828; x_wconf 90' lang='lat' dir='ltr'>Sephor,</span> <span class='ocrx_word' id='word_1_97' title='bbox 801 759 914 813; x_wconf 85' lang='lat' dir='ltr'>dicens:</span> <span class='ocrx_word' id='word_1_98' title='bbox 933 777 942 810; x_wconf 83' lang='lat' dir='ltr'>r</span> <span class='ocrx_word' id='word_1_99' title='bbox 959 756 999 813; x_wconf 86' lang='lat' dir='ltr'>Ne</span> <span class='ocrx_word' id='word_1_100' title='bbox 1048 756 1206 827; x_wconf 92' lang='lat' dir='ltr'>prophetam</span> <span class='ocrx_word' id='word_1_101' title='bbox 1223 758 1249 813; x_wconf 91' lang='lat' dir='ltr'>in</span> <span class='ocrx_word' id='word_1_102' title='bbox 1263 760 1399 816; x_wconf 86' lang='lat' dir='ltr'>vaticiniis</span> <span class='ocrx_word' id='word_1_103' title='bbox 1412 776 1475 817; x_wconf 78' lang='lat' dir='ltr'>ntor</span> <span class='ocrx_word' id='word_1_104' title='bbox 1488 764 1628 820; x_wconf 87' lang='lat' dir='ltr'>oraculum</span> <span class='ocrx_word' id='word_1_105' title='bbox 1644 768 1782 823; x_wconf 79' lang='lat' dir='ltr'>excitavit.</span> <span class='ocrx_word' id='word_1_106' title='bbox 1807 769 1840 824; x_wconf 82' lang='lat' dir='ltr'>Et</span> 
     </span>
     <span class='ocr_line' id='line_1_8' title="bbox 207 846 1840 928; baseline 0.002 -18"><span class='ocrx_word' id='word_1_107' title='bbox 207 853 345 910; x_wconf 88' lang='lat' dir='ltr'>cuncteris</span> <span class='ocrx_word' id='word_1_108' title='bbox 358 852 451 908; x_wconf 86' lang='lat' dir='ltr'>verrire</span> <span class='ocrx_word' id='word_1_109' title='bbox 465 850 498 905; x_wconf 91' lang='lat' dir='ltr'>ad</span> <span class='ocrx_word' id='word_1_110' title='bbox 508 860 700 921; x_wconf 60' lang='lat' dir='ltr'>masticantem</span> <span class='ocrx_word' id='word_1_111' title='bbox 713 849 800 903; x_wconf 90' lang='lat' dir='ltr'>habeo</span> <span class='ocrx_word' id='word_1_112' title='bbox 812 847 946 902; x_wconf 86' lang='lat' dir='ltr'>honorare</span> <span class='ocrx_word' id='word_1_113' title='bbox 961 855 997 913; x_wconf 91' lang='lat' dir='ltr'>te,</span> <span class='ocrx_word' id='word_1_114' title='bbox 1017 908 1022 913; x_wconf 60' lang='grc'><strong>,</strong></span> <span class='ocrx_word' id='word_1_115' title='bbox 1049 846 1168 902; x_wconf 79' lang='lat' dir='ltr'>hariolus</span> <span class='ocrx_word' id='word_1_116' title='bbox 1179 861 1244 917; x_wconf 91' lang='lat' dir='ltr'>ergo</span> <span class='ocrx_word' id='word_1_117' title='bbox 1258 849 1407 919; x_wconf 89' lang='lat' dir='ltr'>appellatur</span> <span class='ocrx_word' id='word_1_118' title='bbox 1421 860 1448 906; x_wconf 91' lang='lat' dir='ltr'>ct</span> <span class='ocrx_word' id='word_1_119' title='bbox 1463 853 1595 923; x_wconf 89' lang='lat' dir='ltr'>propheta</span> <span class='ocrx_word' id='word_1_120' title='bbox 1608 864 1667 922; x_wconf 89' lang='lat' dir='ltr'>est;</span> <span class='ocrx_word' id='word_1_121' title='bbox 1684 856 1748 926; x_wconf 81' lang='lat' dir='ltr'>quia</span> <span class='ocrx_word' id='word_1_122' title='bbox 1758 871 1840 928; x_wconf 78' lang='lat' dir='ltr'>quem</span> 
     </span>
     <span class='ocr_line' id='line_1_9' title="bbox 207 934 1841 1017; baseline 0.002 -19"><span class='ocrx_word' id='word_1_123' title='bbox 207 951 235 998; x_wconf 88' lang='lat' dir='ltr'>et</span> <span class='ocrx_word' id='word_1_124' title='bbox 245 941 375 1013; x_wconf 82' lang='lat' dir='ltr'>qtridguid</span> <span class='ocrx_word' id='word_1_125' title='bbox 388 940 515 1004; x_wconf 84' lang='lat' dir='ltr'>volueris,</span> <span class='ocrx_word' id='word_1_126' title='bbox 528 939 599 993; x_wconf 89' lang='lat' dir='ltr'>dabo</span> <span class='ocrx_word' id='word_1_127' title='bbox 613 937 661 993; x_wconf 87' lang='lat' dir='ltr'>tibi</span> <span class='ocrx_word' id='word_1_128' title='bbox 675 934 781 1008; x_wconf 75' lang='lat' dir='ltr'>(lota).</span> <span class='ocrx_word' id='word_1_129' title='bbox 800 954 810 988; x_wconf 85' lang='lat' dir='ltr'>r</span> <span class='ocrx_word' id='word_1_130' title='bbox 826 935 927 991; x_wconf 86' lang='lat' dir='ltr'>llmore</span> <span class='ocrx_word' id='word_1_131' title='bbox 938 935 999 1005; x_wconf 84' lang='lat' dir='ltr'>qui·</span> <span class='ocrx_word' id='word_1_132' title='bbox 1049 940 1083 993; x_wconf 91' lang='lat' dir='ltr'>ad</span> <span class='ocrx_word' id='word_1_133' title='bbox 1099 939 1285 1009; x_wconf 90' lang='lat' dir='ltr'>propheticam</span> <span class='ocrx_word' id='word_1_134' title='bbox 1305 941 1465 1011; x_wconf 78' lang='lat' dir='ltr'>dignitatem</span> <span class='ocrx_word' id='word_1_135' title='bbox 1484 945 1570 1013; x_wconf 82' lang='lat' dir='ltr'>gratia</span> <span class='ocrx_word' id='word_1_136' title='bbox 1584 959 1700 1015; x_wconf 88' lang='lat' dir='ltr'>superna</span> <span class='ocrx_word' id='word_1_137' title='bbox 1711 962 1841 1017; x_wconf 77' lang='lat' dir='ltr'>provexe-</span> 
     </span>
     <span class='ocr_line' id='line_1_10' title="bbox 207 1024 1840 1105; baseline 0.001 -17"><span class='ocrx_word' id='word_1_138' title='bbox 207 1034 268 1090; x_wconf 90' lang='lat' dir='ltr'>dem</span> <span class='ocrx_word' id='word_1_139' title='bbox 282 1024 403 1104; x_wconf 78' lang='lat' dir='ltr'>pecuniae</span> <span class='ocrx_word' id='word_1_140' title='bbox 415 1044 562 1086; x_wconf 85' lang='lat' dir='ltr'>succensus</span> <span class='ocrx_word' id='word_1_141' title='bbox 573 1028 715 1090; x_wconf 72' lang='lat' dir='ltr'>estuabat,</span> <span class='ocrx_word' id='word_1_142' title='bbox 727 1036 756 1082; x_wconf 89' lang='lat' dir='ltr'>et</span> <span class='ocrx_word' id='word_1_143' title='bbox 769 1034 859 1082; x_wconf 89' lang='lat' dir='ltr'>tamen</span> <span class='ocrx_word' id='word_1_144' title='bbox 873 1040 922 1096; x_wconf 90' lang='lat' dir='ltr'>per</span> <span class='ocrx_word' id='word_1_145' title='bbox 936 1039 998 1080; x_wconf 88' lang='lat' dir='ltr'>eum</span> <span class='ocrx_word' id='word_1_146' title='bbox 1049 1037 1107 1093; x_wconf 85' lang='lat' dir='ltr'>rat,</span> <span class='ocrx_word' id='word_1_147' title='bbox 1132 1031 1262 1083; x_wconf 82' lang='lat' dir='ltr'>obseoeno</span> <span class='ocrx_word' id='word_1_148' title='bbox 1285 1029 1434 1085; x_wconf 73' lang='lat' dir='ltr'>hariolatus</span> <span class='ocrx_word' id='word_1_149' title='bbox 1457 1031 1566 1087; x_wconf 90' lang='lat' dir='ltr'>nomine</span> <span class='ocrx_word' id='word_1_150' title='bbox 1588 1034 1695 1104; x_wconf 93' lang='lat' dir='ltr'>propria</span> <span class='ocrx_word' id='word_1_151' title='bbox 1719 1036 1840 1105; x_wconf 92' lang='lat' dir='ltr'>pravitas</span> 
     </span>
     <span class='ocr_line' id='line_1_11' title="bbox 207 1114 1840 1195; baseline 0.001 -17"><span class='ocrx_word' id='word_1_152' title='bbox 207 1122 327 1192; x_wconf 75' lang='lat' dir='ltr'>Spiritus</span> <span class='ocrx_word' id='word_1_153' title='bbox 339 1130 450 1177; x_wconf 89' lang='lat' dir='ltr'>sanetus</span> <span class='ocrx_word' id='word_1_154' title='bbox 462 1117 594 1188; x_wconf 89' lang='lat' dir='ltr'>profunda</span> <span class='ocrx_word' id='word_1_155' title='bbox 609 1115 738 1189; x_wconf 86' lang='lat' dir='ltr'>mysteria</span> <span class='ocrx_word' id='word_1_156' title='bbox 757 1116 926 1186; x_wconf 76' lang='lat' dir='ltr'>loquebatur.</span> <span class='ocrx_word' id='word_1_157' title='bbox 943 1114 997 1170; x_wconf 81' lang='lat' dir='ltr'>Ba·</span> <span class='ocrx_word' id='word_1_158' title='bbox 1050 1119 1219 1189; x_wconf 80' lang='lat' dir='ltr'>deturpabat,</span> <span class='ocrx_word' id='word_1_159' title='bbox 1243 1117 1293 1175; x_wconf 90' lang='lat' dir='ltr'>Ubi</span> <span class='ocrx_word' id='word_1_160' title='bbox 1316 1121 1540 1175; x_wconf 84' lang='lat' dir='ltr'>considerandum</span> <span class='ocrx_word' id='word_1_161' title='bbox 1561 1132 1618 1187; x_wconf 88' lang='lat' dir='ltr'>est,</span> <span class='ocrx_word' id='word_1_162' title='bbox 1633 1137 1715 1191; x_wconf 86' lang='lat' dir='ltr'>quam</span> <span class='ocrx_word' id='word_1_163' title='bbox 1730 1124 1840 1195; x_wconf 90' lang='lat' dir='ltr'>profun-</span> 
     </span>
     <span class='ocr_line' id='line_1_12' title="bbox 207 1205 1840 1285; baseline 0.004 -20"><span class='ocrx_word' id='word_1_164' title='bbox 207 1212 277 1266; x_wconf 89' lang='lat' dir='ltr'>laam</span> <span class='ocrx_word' id='word_1_165' title='bbox 293 1211 417 1278; x_wconf 75' lang='lat' dir='ltr'>denique,</span> <span class='ocrx_word' id='word_1_166' title='bbox 433 1207 570 1272; x_wconf 80' lang='lat' dir='ltr'>etllalac,</span> <span class='ocrx_word' id='word_1_167' title='bbox 583 1213 697 1276; x_wconf 77' lang='lat' dir='ltr'>interque</span> <span class='ocrx_word' id='word_1_168' title='bbox 711 1205 765 1261; x_wconf 79' lang='lat' dir='ltr'>lieo</span> <span class='ocrx_word' id='word_1_169' title='bbox 780 1205 922 1262; x_wconf 90' lang='lat' dir='ltr'>manifeste</span> <span class='ocrx_word' id='word_1_170' title='bbox 935 1219 1000 1259; x_wconf 92' lang='lat' dir='ltr'>eon·</span> <span class='ocrx_word' id='word_1_171' title='bbox 1050 1208 1113 1265; x_wconf 91' lang='lat' dir='ltr'>dum</span> <span class='ocrx_word' id='word_1_172' title='bbox 1134 1209 1184 1272; x_wconf 89' lang='lat' dir='ltr'>sit,</span> <span class='ocrx_word' id='word_1_173' title='bbox 1205 1217 1287 1280; x_wconf 81' lang='lat' dir='ltr'>atque</span> <span class='ocrx_word' id='word_1_174' title='bbox 1308 1210 1407 1266; x_wconf 80' lang='lat' dir='ltr'>subtile</span> <span class='ocrx_word' id='word_1_175' title='bbox 1428 1211 1475 1266; x_wconf 83' lang='lat' dir='ltr'>bei</span> <span class='ocrx_word' id='word_1_176' title='bbox 1495 1211 1625 1282; x_wconf 83' lang='lat' dir='ltr'>judicium</span> <span class='ocrx_word' id='word_1_177' title='bbox 1649 1228 1656 1266; x_wconf 91' lang='lat'>:</span> <span class='ocrx_word' id='word_1_178' title='bbox 1683 1213 1736 1269; x_wconf 91' lang='lat' dir='ltr'>imo</span> <span class='ocrx_word' id='word_1_179' title='bbox 1758 1228 1840 1285; x_wconf 75' lang='lat' dir='ltr'>quum</span> 
     </span>
     <span class='ocr_line' id='line_1_13' title="bbox 209 1294 1841 1369; baseline 0.002 -13"><span class='ocrx_word' id='word_1_180' title='bbox 209 1303 319 1365; x_wconf 90' lang='lat' dir='ltr'>trarius,</span> <span class='ocrx_word' id='word_1_181' title='bbox 341 1309 455 1369; x_wconf 87' lang='lat' dir='ltr'>uterqne</span> <span class='ocrx_word' id='word_1_182' title='bbox 476 1298 523 1353; x_wconf 82' lang='lat' dir='ltr'>bai</span> <span class='ocrx_word' id='word_1_183' title='bbox 541 1296 640 1367; x_wconf 87' lang='lat' dir='ltr'>populo</span> <span class='ocrx_word' id='word_1_184' title='bbox 659 1296 795 1351; x_wconf 81' lang='lat' dir='ltr'>exstitisse</span> <span class='ocrx_word' id='word_1_185' title='bbox 816 1295 944 1366; x_wconf 82' lang='lat' dir='ltr'>probatur</span> <span class='ocrx_word' id='word_1_186' title='bbox 959 1294 1001 1348; x_wconf 91' lang='lat' dir='ltr'>in·</span> <span class='ocrx_word' id='word_1_187' title='bbox 1050 1296 1178 1351; x_wconf 88' lang='lat' dir='ltr'>terribilis</span> <span class='ocrx_word' id='word_1_188' title='bbox 1199 1298 1235 1352; x_wconf 88' lang='lat' dir='ltr'>sit</span> <span class='ocrx_word' id='word_1_189' title='bbox 1255 1298 1326 1354; x_wconf 84' lang='lat' dir='ltr'>Deus</span> <span class='ocrx_word' id='word_1_190' title='bbox 1349 1298 1377 1353; x_wconf 86' lang='lat' dir='ltr'>in</span> <span class='ocrx_word' id='word_1_191' title='bbox 1404 1298 1525 1354; x_wconf 86' lang='lat' dir='ltr'>consiliis</span> <span class='ocrx_word' id='word_1_192' title='bbox 1548 1314 1629 1369; x_wconf 83' lang='lat' dir='ltr'>super</span> <span class='ocrx_word' id='word_1_193' title='bbox 1655 1299 1726 1357; x_wconf 81' lang='lat' dir='ltr'>filios</span> <span class='ocrx_word' id='word_1_194' title='bbox 1751 1302 1841 1359; x_wconf 86' lang='lat' dir='ltr'>homi·</span> 
     </span>
     <span class='ocr_line' id='line_1_14' title="bbox 207 1382 1840 1456; baseline 0.004 -14"><span class='ocrx_word' id='word_1_195' title='bbox 207 1388 302 1454; x_wconf 88' lang='lat' dir='ltr'>festus,</span> <span class='ocrx_word' id='word_1_196' title='bbox 322 1388 476 1456; x_wconf 86' lang='lat' dir='ltr'>donumque</span> <span class='ocrx_word' id='word_1_197' title='bbox 491 1386 588 1441; x_wconf 75' lang='lat' dir='ltr'>divinae</span> <span class='ocrx_word' id='word_1_198' title='bbox 611 1385 705 1456; x_wconf 91' lang='lat' dir='ltr'>gratiae</span> <span class='ocrx_word' id='word_1_199' title='bbox 729 1382 799 1438; x_wconf 91' lang='lat' dir='ltr'>alter</span> <span class='ocrx_word' id='word_1_200' title='bbox 820 1382 1002 1448; x_wconf 90' lang='lat' dir='ltr'>emcre,alter</span> <span class='ocrx_word' id='word_1_201' title='bbox 1049 1402 1113 1440; x_wconf 92' lang='lat' dir='ltr'>num</span> <span class='ocrx_word' id='word_1_202' title='bbox 1134 1385 1224 1456; x_wconf 80' lang='lat' dir='ltr'>(Paul.</span> <span class='ocrx_word' id='word_1_203' title='bbox 1243 1387 1331 1456; x_wconf 81' lang='lat' dir='ltr'>uxr);</span> <span class='ocrx_word' id='word_1_204' title='bbox 1356 1402 1418 1443; x_wconf 86' lang='lat' dir='ltr'>rum</span> <span class='ocrx_word' id='word_1_205' title='bbox 1447 1388 1573 1444; x_wconf 88' lang='lat' dir='ltr'>videlieet</span> <span class='ocrx_word' id='word_1_206' title='bbox 1601 1389 1764 1447; x_wconf 82' lang='lat' dir='ltr'>miserabilis</span> <span class='ocrx_word' id='word_1_207' title='bbox 1793 1392 1840 1449; x_wconf 88' lang='lat' dir='ltr'>ille</span> 
     </span>
     <span class='ocr_line' id='line_1_15' title="bbox 207 1470 1838 1551; baseline 0.003 -20"><span class='ocrx_word' id='word_1_208' title='bbox 207 1478 350 1534; x_wconf 89' lang='lat' dir='ltr'>venditare</span> <span class='ocrx_word' id='word_1_209' title='bbox 371 1475 547 1531; x_wconf 90' lang='lat' dir='ltr'>nihilominus</span> <span class='ocrx_word' id='word_1_210' title='bbox 569 1474 726 1545; x_wconf 88' lang='lat' dir='ltr'>gestiebat:</span> <span class='ocrx_word' id='word_1_211' title='bbox 742 1480 861 1526; x_wconf 81' lang='lat' dir='ltr'>attamen</span> <span class='ocrx_word' id='word_1_212' title='bbox 884 1470 1002 1542; x_wconf 88' lang='lat' dir='ltr'>prophe·</span> <span class='ocrx_word' id='word_1_213' title='bbox 1050 1477 1092 1533; x_wconf 79' lang='lat' dir='ltr'>vlr</span> <span class='ocrx_word' id='word_1_214' title='bbox 1111 1493 1199 1548; x_wconf 86' lang='lat' dir='ltr'>aeque</span> <span class='ocrx_word' id='word_1_215' title='bbox 1221 1487 1331 1549; x_wconf 90' lang='lat' dir='ltr'>propter</span> <span class='ocrx_word' id='word_1_216' title='bbox 1354 1487 1448 1534; x_wconf 88' lang='lat' dir='ltr'>reatus</span> <span class='ocrx_word' id='word_1_217' title='bbox 1472 1479 1512 1534; x_wconf 89' lang='lat' dir='ltr'>sui</span> <span class='ocrx_word' id='word_1_218' title='bbox 1533 1478 1692 1549; x_wconf 82' lang='lat' dir='ltr'>nequitiam,</span> <span class='ocrx_word' id='word_1_219' title='bbox 1710 1482 1838 1551; x_wconf 89' lang='lat' dir='ltr'>gratiam,</span> 
     </span>
     <span class='ocr_line' id='line_1_16' title="bbox 207 1562 1839 1641; baseline 0.001 -18"><span class='ocrx_word' id='word_1_220' title='bbox 207 1569 269 1623; x_wconf 74' lang='lat' dir='ltr'>boae</span> <span class='ocrx_word' id='word_1_221' title='bbox 288 1564 466 1622; x_wconf 85' lang='lat' dir='ltr'>revelationis</span> <span class='ocrx_word' id='word_1_222' title='bbox 490 1578 631 1629; x_wconf 88' lang='lat' dir='ltr'>areanum,</span> <span class='ocrx_word' id='word_1_223' title='bbox 654 1570 683 1617; x_wconf 92' lang='lat' dir='ltr'>et</span> <span class='ocrx_word' id='word_1_224' title='bbox 703 1562 755 1618; x_wconf 87' lang='lat' dir='ltr'>iste</span> <span class='ocrx_word' id='word_1_225' title='bbox 776 1569 854 1616; x_wconf 85' lang='lat' dir='ltr'>extra</span> <span class='ocrx_word' id='word_1_226' title='bbox 873 1563 1001 1616; x_wconf 84' lang='lat' dir='ltr'>meriurm</span> <span class='ocrx_word' id='word_1_227' title='bbox 1051 1582 1133 1637; x_wconf 78' lang='lat' dir='ltr'>quam</span> <span class='ocrx_word' id='word_1_228' title='bbox 1151 1568 1234 1623; x_wconf 79' lang='lat' dir='ltr'>semel</span> <span class='ocrx_word' id='word_1_229' title='bbox 1246 1566 1420 1638; x_wconf 79' lang='lat' dir='ltr'>acquisierat,</span> <span class='ocrx_word' id='word_1_230' title='bbox 1435 1567 1551 1639; x_wconf 81' lang='lat' dir='ltr'>perdidit</span> <span class='ocrx_word' id='word_1_231' title='bbox 1566 1586 1573 1623; x_wconf 92' lang='lat'>:</span> <span class='ocrx_word' id='word_1_232' title='bbox 1590 1577 1839 1641; x_wconf 88' lang='lat' dir='ltr'>ettamenpropter</span> 
     </span>
     <span class='ocr_line' id='line_1_17' title="bbox 208 1653 1837 1730; baseline -0.004 -16"><span class='ocrx_word' id='word_1_233' title='bbox 208 1656 330 1729; x_wconf 90' lang='lat' dir='ltr'>protulit,</span> <span class='ocrx_word' id='word_1_234' title='bbox 347 1666 374 1713; x_wconf 89' lang='lat' dir='ltr'>et</span> <span class='ocrx_word' id='word_1_235' title='bbox 393 1655 438 1711; x_wconf 90' lang='lat' dir='ltr'>ille</span> <span class='ocrx_word' id='word_1_236' title='bbox 455 1655 551 1727; x_wconf 81' lang='lat' dir='ltr'>utique</span> <span class='ocrx_word' id='word_1_237' title='bbox 568 1653 694 1726; x_wconf 88' lang='lat' dir='ltr'>indignus</span> <span class='ocrx_word' id='word_1_238' title='bbox 717 1653 821 1708; x_wconf 89' lang='lat' dir='ltr'>audivit</span> <span class='ocrx_word' id='word_1_239' title='bbox 836 1671 843 1707; x_wconf 76' lang='grc' dir='ltr'><strong><em>ε</em></strong></span> <span class='ocrx_word' id='word_1_240' title='bbox 857 1661 949 1722; x_wconf 84' lang='lat' dir='ltr'>atque,</span> <span class='ocrx_word' id='word_1_241' title='bbox 971 1661 1002 1706; x_wconf 91' lang='lat' dir='ltr'>ut</span> <span class='ocrx_word' id='word_1_242' title='bbox 1016 1668 1038 1726; x_wconf 76' lang='lat' dir='ltr'>g</span> <span class='ocrx_word' id='word_1_243' title='bbox 1052 1659 1136 1730; x_wconf 78' lang='lat' dir='ltr'>ipsam</span> <span class='ocrx_word' id='word_1_244' title='bbox 1158 1659 1285 1730; x_wconf 75' lang='lat' dir='ltr'>grauiam,</span> <span class='ocrx_word' id='word_1_245' title='bbox 1307 1673 1388 1729; x_wconf 77' lang='lat' dir='ltr'>quam</span> <span class='ocrx_word' id='word_1_246' title='bbox 1411 1659 1568 1728; x_wconf 76' lang='lat' dir='ltr'>usurpabat,</span> <span class='ocrx_word' id='word_1_247' title='bbox 1587 1658 1724 1728; x_wconf 76' lang='lat' dir='ltr'>indignae,</span> <span class='ocrx_word' id='word_1_248' title='bbox 1740 1660 1837 1716; x_wconf 57' lang='lat' dir='ltr'>(liviae</span> 
     </span>
     <span class='ocr_line' id='line_1_18' title="bbox 208 1740 1838 1821; baseline 0.001 -17"><span class='ocrx_word' id='word_1_249' title='bbox 208 1749 295 1819; x_wconf 86' lang='lat' dir='ltr'>magis</span> <span class='ocrx_word' id='word_1_250' title='bbox 310 1747 460 1818; x_wconf 89' lang='lat' dir='ltr'>largitatem</span> <span class='ocrx_word' id='word_1_251' title='bbox 480 1745 564 1800; x_wconf 88' lang='lat' dir='ltr'>divini</span> <span class='ocrx_word' id='word_1_252' title='bbox 584 1744 704 1799; x_wconf 91' lang='lat' dir='ltr'>muneris</span> <span class='ocrx_word' id='word_1_253' title='bbox 725 1742 901 1808; x_wconf 84' lang='lat' dir='ltr'>admiremur,</span> <span class='ocrx_word' id='word_1_254' title='bbox 917 1740 1000 1797; x_wconf 86' lang='lat' dir='ltr'>mafe-</span> <span class='ocrx_word' id='word_1_255' title='bbox 1049 1746 1161 1803; x_wconf 88' lang='lat' dir='ltr'>ultionis</span> <span class='ocrx_word' id='word_1_256' title='bbox 1173 1747 1336 1803; x_wconf 88' lang='lat' dir='ltr'>sententiam</span> <span class='ocrx_word' id='word_1_257' title='bbox 1353 1748 1489 1804; x_wconf 85' lang='lat' dir='ltr'>declinare</span> <span class='ocrx_word' id='word_1_258' title='bbox 1501 1763 1555 1803; x_wconf 91' lang='lat' dir='ltr'>nou</span> <span class='ocrx_word' id='word_1_259' title='bbox 1572 1747 1671 1819; x_wconf 90' lang='lat' dir='ltr'>potuit.</span> <span class='ocrx_word' id='word_1_260' title='bbox 1692 1747 1761 1816; x_wconf 83' lang='lat' dir='ltr'>Quid</span> <span class='ocrx_word' id='word_1_261' title='bbox 1772 1764 1838 1821; x_wconf 86' lang='lat' dir='ltr'>ergo</span> 
     </span>
     <span class='ocr_line' id='line_1_19' title="bbox 208 1834 1839 1917; baseline 0.003 -21"><span class='ocrx_word' id='word_1_262' title='bbox 208 1841 299 1897; x_wconf 87' lang='lat' dir='ltr'>dicere</span> <span class='ocrx_word' id='word_1_263' title='bbox 315 1839 452 1894; x_wconf 89' lang='lat' dir='ltr'>nitebatur</span> <span class='ocrx_word' id='word_1_264' title='bbox 461 1834 581 1901; x_wconf 88' lang='lat' dir='ltr'>Balaam,</span> <span class='ocrx_word' id='word_1_265' title='bbox 599 1843 627 1891; x_wconf 92' lang='lat' dir='ltr'>et</span> <span class='ocrx_word' id='word_1_266' title='bbox 645 1844 735 1890; x_wconf 72' lang='lat' dir='ltr'>nmen</span> <span class='ocrx_word' id='word_1_267' title='bbox 752 1835 878 1890; x_wconf 88' lang='lat' dir='ltr'>invituse</span> <span class='ocrx_word' id='word_1_268' title='bbox 891 1841 1000 1889; x_wconf 89' lang='lat' dir='ltr'>eontra·</span> <span class='ocrx_word' id='word_1_269' title='bbox 1049 1842 1149 1896; x_wconf 79' lang='lat' dir='ltr'>miram</span> <span class='ocrx_word' id='word_1_270' title='bbox 1169 1841 1193 1898; x_wconf 83' lang='lat' dir='ltr'>si</span> <span class='ocrx_word' id='word_1_271' title='bbox 1216 1843 1386 1913; x_wconf 85' lang='lat' dir='ltr'>omnipotens</span> <span class='ocrx_word' id='word_1_272' title='bbox 1411 1844 1490 1912; x_wconf 59' lang='lat' dir='ltr'>Deus</span> <span class='ocrx_word' id='word_1_273' title='bbox 1514 1845 1561 1915; x_wconf 90' lang='lat' dir='ltr'>qui</span> <span class='ocrx_word' id='word_1_274' title='bbox 1582 1859 1690 1914; x_wconf 86' lang='lat' dir='ltr'>semper</span> <span class='ocrx_word' id='word_1_275' title='bbox 1706 1853 1748 1901; x_wconf 90' lang='lat' dir='ltr'>est</span> <span class='ocrx_word' id='word_1_276' title='bbox 1765 1847 1839 1917; x_wconf 85' lang='lat' dir='ltr'>quod</span> 
     </span>
     <span class='ocr_line' id='line_1_20' title="bbox 208 1925 1836 2008; baseline -0.001 -14"><span class='ocrx_word' id='word_1_277' title='bbox 208 1930 250 1987; x_wconf 68' lang='lat'>¹10</span> <span class='ocrx_word' id='word_1_278' title='bbox 272 1928 449 1986; x_wconf 62' lang='lat' dir='ltr'>benedicebat</span> <span class='ocrx_word' id='word_1_279' title='bbox 466 1943 473 1979; x_wconf 79' lang='lat'>²</span> <span class='ocrx_word' id='word_1_280' title='bbox 495 1925 563 1981; x_wconf 71' lang='lat' dir='ltr'>‘All</span> <span class='ocrx_word' id='word_1_281' title='bbox 587 1925 813 1992; x_wconf 60' lang='lat' dir='ltr'>benedicendum,</span> <span class='ocrx_word' id='word_1_282' title='bbox 834 1925 932 1995; x_wconf 64' lang='lat' dir='ltr'>induli,</span> <span class='ocrx_word' id='word_1_283' title='bbox 953 1926 999 1981; x_wconf 62' lang='lat' dir='ltr'>fd·</span> <span class='ocrx_word' id='word_1_284' title='bbox 1050 1941 1101 1999; x_wconf 88' lang='lat' dir='ltr'>est,</span> <span class='ocrx_word' id='word_1_285' title='bbox 1115 1943 1143 1990; x_wconf 91' lang='lat' dir='ltr'>et</span> <span class='ocrx_word' id='word_1_286' title='bbox 1156 1937 1255 1990; x_wconf 73' lang='lat' dir='ltr'>mumri</span> <span class='ocrx_word' id='word_1_287' title='bbox 1267 1951 1320 1991; x_wconf 91' lang='lat' dir='ltr'>non</span> <span class='ocrx_word' id='word_1_288' title='bbox 1334 1936 1418 2003; x_wconf 88' lang='lat' dir='ltr'>nouit,</span> <span class='ocrx_word' id='word_1_289' title='bbox 1433 1935 1608 1992; x_wconf 88' lang='lat' dir='ltr'>nihilominus</span> <span class='ocrx_word' id='word_1_290' title='bbox 1627 1937 1715 1992; x_wconf 86' lang='lat' dir='ltr'>adbuc</span> <span class='ocrx_word' id='word_1_291' title='bbox 1725 1937 1836 2008; x_wconf 88' lang='lat' dir='ltr'>antiqua</span> 
     </span>
     <span class='ocr_line' id='line_1_21' title="bbox 209 2010 1839 2093; baseline 0.001 -17"><span class='ocrx_word' id='word_1_292' title='bbox 209 2020 305 2075; x_wconf 88' lang='lat' dir='ltr'>duetus</span> <span class='ocrx_word' id='word_1_293' title='bbox 327 2032 405 2083; x_wconf 90' lang='lat' dir='ltr'>sum,</span> <span class='ocrx_word' id='word_1_294' title='bbox 430 2010 647 2072; x_wconf 85' lang='lat' dir='ltr'>benedictionem</span> <span class='ocrx_word' id='word_1_295' title='bbox 671 2015 817 2084; x_wconf 85' lang='lat' dir='ltr'>probibere</span> <span class='ocrx_word' id='word_1_296' title='bbox 844 2030 898 2069; x_wconf 91' lang='lat' dir='ltr'>non</span> <span class='ocrx_word' id='word_1_297' title='bbox 922 2013 1000 2070; x_wconf 87' lang='lat' dir='ltr'>valeo</span> <span class='ocrx_word' id='word_1_298' title='bbox 1049 2023 1184 2078; x_wconf 82' lang='lat' dir='ltr'>examinis</span> <span class='ocrx_word' id='word_1_299' title='bbox 1208 2023 1250 2078; x_wconf 90' lang='lat' dir='ltr'>sui</span> <span class='ocrx_word' id='word_1_300' title='bbox 1271 2022 1332 2093; x_wconf 84' lang='lat' dir='ltr'>jura</span> <span class='ocrx_word' id='word_1_301' title='bbox 1357 2024 1501 2090; x_wconf 88' lang='lat' dir='ltr'>custodiat,</span> <span class='ocrx_word' id='word_1_302' title='bbox 1529 2032 1556 2079; x_wconf 87' lang='lat' dir='ltr'>et</span> <span class='ocrx_word' id='word_1_303' title='bbox 1582 2025 1703 2080; x_wconf 87' lang='lat' dir='ltr'>eamdem</span> <span class='ocrx_word' id='word_1_304' title='bbox 1723 2034 1839 2082; x_wconf 69' lang='lat' dir='ltr'>umecta</span> 
     </span>
     <span class='ocr_line' id='line_1_22' title="bbox 207 2104 1836 2184; baseline 0 -15"><span class='ocrx_word' id='word_1_305' title='bbox 207 2107 410 2179; x_wconf 75' lang='lat' dir='ltr'>(Nutu-utu)-</span> <span class='ocrx_word' id='word_1_306' title='bbox 426 2125 436 2160; x_wconf 80' lang='grc' dir='ltr'><strong>ι</strong></span> <span class='ocrx_word' id='word_1_307' title='bbox 455 2105 687 2176; x_wconf 83' lang='lat' dir='ltr'>Chamusquippe</span> <span class='ocrx_word' id='word_1_308' title='bbox 709 2105 807 2161; x_wconf 73' lang='lat' dir='ltr'>divinae</span> <span class='ocrx_word' id='word_1_309' title='bbox 831 2105 941 2160; x_wconf 88' lang='lat' dir='ltr'>virtutis</span> <span class='ocrx_word' id='word_1_310' title='bbox 958 2104 999 2159; x_wconf 81' lang='grc' dir='ltr'>0ιί</span> <span class='ocrx_word' id='word_1_311' title='bbox 1050 2112 1219 2167; x_wconf 81' lang='lat' dir='ltr'>discretionis</span> <span class='ocrx_word' id='word_1_312' title='bbox 1244 2112 1363 2183; x_wconf 90' lang='lat' dir='ltr'>regulam</span> <span class='ocrx_word' id='word_1_313' title='bbox 1387 2120 1492 2181; x_wconf 70' lang='lat' dir='ltr'>teneat,</span> <span class='ocrx_word' id='word_1_314' title='bbox 1519 2122 1550 2168; x_wconf 94' lang='lat' dir='ltr'>ut</span> <span class='ocrx_word' id='word_1_315' title='bbox 1576 2115 1648 2184; x_wconf 84' lang='lat' dir='ltr'>quod</span> <span class='ocrx_word' id='word_1_316' title='bbox 1674 2113 1702 2168; x_wconf 91' lang='lat' dir='ltr'>ia</span> <span class='ocrx_word' id='word_1_317' title='bbox 1725 2112 1836 2170; x_wconf 75' lang='lat' dir='ltr'>balaam</span> 
     </span>
     <span class='ocr_line' id='line_1_23' title="bbox 209 2197 1838 2272; baseline 0.003 -18"><span class='ocrx_word' id='word_1_318' title='bbox 209 2203 267 2272; x_wconf 80' lang='lat' dir='ltr'>ejus</span> <span class='ocrx_word' id='word_1_319' title='bbox 285 2210 345 2256; x_wconf 89' lang='lat' dir='ltr'>erat</span> <span class='ocrx_word' id='word_1_320' title='bbox 365 2200 560 2268; x_wconf 66' lang='lat' dir='ltr'>innixus‘nae</span> <span class='ocrx_word' id='word_1_321' title='bbox 585 2206 693 2270; x_wconf 90' lang='lat' dir='ltr'>poterat</span> <span class='ocrx_word' id='word_1_322' title='bbox 716 2199 846 2254; x_wconf 88' lang='lat' dir='ltr'>aliorsum</span> <span class='ocrx_word' id='word_1_323' title='bbox 870 2197 999 2267; x_wconf 91' lang='lat' dir='ltr'>impetum</span> <span class='ocrx_word' id='word_1_324' title='bbox 1050 2199 1124 2265; x_wconf 86' lang='lat' dir='ltr'>feeit,</span> <span class='ocrx_word' id='word_1_325' title='bbox 1150 2199 1283 2272; x_wconf 85' lang='lat' dir='ltr'>hodieque</span> <span class='ocrx_word' id='word_1_326' title='bbox 1307 2202 1333 2256; x_wconf 92' lang='lat' dir='ltr'>in</span> <span class='ocrx_word' id='word_1_327' title='bbox 1352 2202 1411 2257; x_wconf 88' lang='lat' dir='ltr'>suis</span> <span class='ocrx_word' id='word_1_328' title='bbox 1434 2202 1568 2259; x_wconf 88' lang='lat' dir='ltr'>similibus</span> <span class='ocrx_word' id='word_1_329' title='bbox 1590 2217 1644 2258; x_wconf 91' lang='lat' dir='ltr'>non</span> <span class='ocrx_word' id='word_1_330' title='bbox 1668 2202 1838 2261; x_wconf 83' lang='lat' dir='ltr'>dissimiliter</span> 
     </span>
     <span class='ocr_line' id='line_1_24' title="bbox 209 2287 1836 2364; baseline 0.002 -18"><span class='ocrx_word' id='word_1_331' title='bbox 209 2295 308 2364; x_wconf 77' lang='lat' dir='ltr'>linguae</span> <span class='ocrx_word' id='word_1_332' title='bbox 318 2292 445 2362; x_wconf 90' lang='lat' dir='ltr'>dirigere,</span> <span class='ocrx_word' id='word_1_333' title='bbox 461 2290 512 2347; x_wconf 92' lang='lat' dir='ltr'>nisi</span> <span class='ocrx_word' id='word_1_334' title='bbox 530 2304 585 2361; x_wconf 88' lang='lat' dir='ltr'>quo</span> <span class='ocrx_word' id='word_1_335' title='bbox 597 2289 715 2360; x_wconf 86' lang='lat' dir='ltr'>Spiritus</span> <span class='ocrx_word' id='word_1_336' title='bbox 729 2298 840 2344; x_wconf 83' lang='lat' dir='ltr'>sauctus</span> <span class='ocrx_word' id='word_1_337' title='bbox 854 2287 1000 2358; x_wconf 84' lang='lat' dir='ltr'>praesidens</span> <span class='ocrx_word' id='word_1_338' title='bbox 1049 2300 1198 2361; x_wconf 86' lang='lat' dir='ltr'>operetur:</span> <span class='ocrx_word' id='word_1_339' title='bbox 1213 2302 1348 2360; x_wconf 81' lang='lat' dir='ltr'>quatenus</span> <span class='ocrx_word' id='word_1_340' title='bbox 1362 2300 1390 2347; x_wconf 88' lang='lat' dir='ltr'>et</span> <span class='ocrx_word' id='word_1_341' title='bbox 1404 2306 1453 2362; x_wconf 92' lang='lat' dir='ltr'>pro</span> <span class='ocrx_word' id='word_1_342' title='bbox 1467 2291 1591 2364; x_wconf 85' lang='lat' dir='ltr'>largitate</span> <span class='ocrx_word' id='word_1_343' title='bbox 1605 2292 1754 2349; x_wconf 81' lang='lat' dir='ltr'>clementiae</span> <span class='ocrx_word' id='word_1_344' title='bbox 1765 2293 1836 2349; x_wconf 80' lang='lat' dir='ltr'>dorla</span> 
     </span>
     <span class='ocr_line' id='line_1_25' title="bbox 210 2379 1837 2455; baseline 0.004 -18"><span class='ocrx_word' id='word_1_345' title='bbox 210 2383 372 2437; x_wconf 78' lang='lat' dir='ltr'>mtorsisset.</span> <span class='ocrx_word' id='word_1_346' title='bbox 383 2380 450 2436; x_wconf 84' lang='lat' dir='ltr'>Cum</span> <span class='ocrx_word' id='word_1_347' title='bbox 461 2380 739 2450; x_wconf 86' lang='lat' dir='ltr'>voluntatcslquidem</span> <span class='ocrx_word' id='word_1_348' title='bbox 750 2379 840 2450; x_wconf 89' lang='lat' dir='ltr'>lingua</span> <span class='ocrx_word' id='word_1_349' title='bbox 852 2380 998 2449; x_wconf 87' lang='lat' dir='ltr'>pugnabat,</span> <span class='ocrx_word' id='word_1_350' title='bbox 1050 2395 1097 2435; x_wconf 91' lang='lat' dir='ltr'>sua</span> <span class='ocrx_word' id='word_1_351' title='bbox 1124 2381 1253 2452; x_wconf 83' lang='lat' dir='ltr'>indignis,</span> <span class='ocrx_word' id='word_1_352' title='bbox 1282 2391 1309 2438; x_wconf 91' lang='lat' dir='ltr'>et</span> <span class='ocrx_word' id='word_1_353' title='bbox 1333 2398 1382 2455; x_wconf 91' lang='lat' dir='ltr'>pro</span> <span class='ocrx_word' id='word_1_354' title='bbox 1407 2397 1520 2439; x_wconf 88' lang='lat' dir='ltr'>censura</span> <span class='ocrx_word' id='word_1_355' title='bbox 1541 2384 1654 2453; x_wconf 81' lang='lat' dir='ltr'>justitiae</span> <span class='ocrx_word' id='word_1_356' title='bbox 1678 2385 1765 2454; x_wconf 82' lang='lat' dir='ltr'>dignae</span> <span class='ocrx_word' id='word_1_357' title='bbox 1789 2399 1837 2443; x_wconf 81' lang='lat' dir='ltr'>eos</span> 
     </span>
     <span class='ocr_line' id='line_1_26' title="bbox 208 2471 1574 2544; baseline -0.004 -13"><span class='ocrx_word' id='word_1_358' title='bbox 208 2483 237 2531; x_wconf 92' lang='lat' dir='ltr'>et</span> <span class='ocrx_word' id='word_1_359' title='bbox 248 2473 429 2530; x_wconf 87' lang='lat' dir='ltr'>turbulentam</span> <span class='ocrx_word' id='word_1_360' title='bbox 442 2472 617 2544; x_wconf 77' lang='lat' dir='ltr'>salsuginem,</span> <span class='ocrx_word' id='word_1_361' title='bbox 629 2487 711 2543; x_wconf 81' lang='lat' dir='ltr'>quam</span> <span class='ocrx_word' id='word_1_362' title='bbox 726 2487 803 2529; x_wconf 90' lang='lat' dir='ltr'>meos</span> <span class='ocrx_word' id='word_1_363' title='bbox 816 2473 999 2544; x_wconf 73' lang='lat' dir='ltr'>praedamnata</span> <span class='ocrx_word' id='word_1_364' title='bbox 1051 2471 1161 2526; x_wconf 90' lang='lat' dir='ltr'>ultionis</span> <span class='ocrx_word' id='word_1_365' title='bbox 1176 2472 1411 2529; x_wconf 79' lang='lat' dir='ltr'>anbaadrersione</span> <span class='ocrx_word' id='word_1_366' title='bbox 1424 2472 1574 2543; x_wconf 79' lang='lat' dir='ltr'>percellat?</span> 
     </span>
     <span class='ocr_line' id='line_1_27' title="bbox 208 2562 1537 2638; baseline -0.002 -18"><span class='ocrx_word' id='word_1_367' title='bbox 208 2572 381 2635; x_wconf 86' lang='lat' dir='ltr'>conceperat,</span> <span class='ocrx_word' id='word_1_368' title='bbox 405 2578 453 2633; x_wconf 89' lang='lat' dir='ltr'>por</span> <span class='ocrx_word' id='word_1_369' title='bbox 475 2563 532 2619; x_wconf 88' lang='lat' dir='ltr'>oris</span> <span class='ocrx_word' id='word_1_370' title='bbox 549 2563 655 2619; x_wconf 91' lang='lat' dir='ltr'>alveum</span> <span class='ocrx_word' id='word_1_371' title='bbox 676 2562 785 2623; x_wconf 86' lang='lat' dir='ltr'>effluere</span> <span class='ocrx_word' id='word_1_372' title='bbox 807 2579 862 2619; x_wconf 90' lang='lat' dir='ltr'>non</span> <span class='ocrx_word' id='word_1_373' title='bbox 881 2565 998 2620; x_wconf 86' lang='lat' dir='ltr'>valebat.</span> <span class='ocrx_word' id='word_1_374' title='bbox 1336 2581 1451 2638; x_wconf 71' lang='lat' dir='ltr'>ggpgp</span> <span class='ocrx_word' id='word_1_375' title='bbox 1471 2582 1537 2637; x_wconf 57' lang='lat' dir='ltr'>ggg,</span> 
     </span>
     <span class='ocr_line' id='line_1_28' title="bbox 210 2653 1836 2744; baseline 0.001 -18"><span class='ocrx_word' id='word_1_376' title='bbox 210 2655 287 2711; x_wconf 57' lang='lat'>⁰⁰⁶⁰</span> <span class='ocrx_word' id='word_1_377' title='bbox 301 2654 427 2726; x_wconf 59' lang='lat' dir='ltr'>(immam</span> <span class='ocrx_word' id='word_1_378' title='bbox 439 2654 511 2709; x_wconf 57' lang='lat' dir='ltr'><strong>⁸5⁰¹st</strong></span> <span class='ocrx_word' id='word_1_379' title='bbox 521 2653 673 2733; x_wconf 60' lang='grc' dir='ltr'>Ρθῑθῧὲῑῦῐ»</span> <span class='ocrx_word' id='word_1_380' title='bbox 687 2653 802 2724; x_wconf 63' lang='lat' dir='ltr'>f²⁰¹¹¹³¹²f</span> <span class='ocrx_word' id='word_1_381' title='bbox 824 2654 851 2708; x_wconf 64' lang='lat'>5¹¹</span> <span class='ocrx_word' id='word_1_382' title='bbox 872 2655 999 2724; x_wconf 65' lang='grc' dir='ltr'>ΡΟΡΙΙῙἮΠ</span> <span class='ocrx_word' id='word_1_383' title='bbox 1051 2670 1127 2737; x_wconf 76' lang='lat' dir='ltr'>Quod</span> <span class='ocrx_word' id='word_1_384' title='bbox 1135 2671 1272 2740; x_wconf 80' lang='lat' dir='ltr'>reprobunt</span> <span class='ocrx_word' id='word_1_385' title='bbox 1281 2670 1388 2726; x_wconf 83' lang='lat' dir='ltr'>Saulem</span> <span class='ocrx_word' id='word_1_386' title='bbox 1397 2678 1457 2725; x_wconf 81' lang='lat' dir='ltr'>cunr</span> <span class='ocrx_word' id='word_1_387' title='bbox 1471 2671 1626 2726; x_wconf 76' lang='lat' dir='ltr'>satellitibus</span> <span class='ocrx_word' id='word_1_388' title='bbox 1640 2673 1695 2729; x_wconf 75' lang='lat' dir='ltr'>ertit</span> <span class='ocrx_word' id='word_1_389' title='bbox 1707 2673 1836 2744; x_wconf 75' lang='lat' dir='ltr'>propheti-</span> 
     </span>
     <span class='ocr_line' id='line_1_29' title="bbox 211 2743 1607 2816; baseline -0.006 -13"><span class='ocrx_word' id='word_1_390' title='bbox 211 2747 257 2803; x_wconf 82' lang='lat' dir='ltr'>bei</span> <span class='ocrx_word' id='word_1_391' title='bbox 271 2745 414 2801; x_wconf 87' lang='lat' dir='ltr'>maledicta</span> <span class='ocrx_word' id='word_1_392' title='bbox 438 2760 492 2800; x_wconf 93' lang='lat' dir='ltr'>non</span> <span class='ocrx_word' id='word_1_393' title='bbox 512 2744 609 2814; x_wconf 92' lang='lat' dir='ltr'>potuit,</span> <span class='ocrx_word' id='word_1_394' title='bbox 629 2745 663 2799; x_wconf 94' lang='lat' dir='ltr'>ad</span> <span class='ocrx_word' id='word_1_395' title='bbox 686 2743 853 2815; x_wconf 84' lang='lat' dir='ltr'>deceptionis</span> <span class='ocrx_word' id='word_1_396' title='bbox 874 2760 904 2800; x_wconf 85' lang='lat' dir='ltr'>se</span> <span class='ocrx_word' id='word_1_397' title='bbox 924 2761 1001 2816; x_wconf 88' lang='lat' dir='ltr'>argu·</span> <span class='ocrx_word' id='word_1_398' title='bbox 1281 2757 1327 2794; x_wconf 83' lang='lat' dir='ltr'>ens</span> <span class='ocrx_word' id='word_1_399' title='bbox 1341 2743 1448 2810; x_wconf 78' lang='lat' dir='ltr'>spiritus</span> <span class='ocrx_word' id='word_1_400' title='bbox 1464 2743 1607 2810; x_wconf 85' lang='lat' dir='ltr'>occupauit.</span> 
     </span>
     <span class='ocr_line' id='line_1_30' title="bbox 210 2830 1836 2903; baseline -0.002 -14"><span class='ocrx_word' id='word_1_401' title='bbox 210 2842 299 2891; x_wconf 83' lang='lat' dir='ltr'>nteota</span> <span class='ocrx_word' id='word_1_402' title='bbox 311 2833 455 2898; x_wconf 88' lang='lat' dir='ltr'>convertit,</span> <span class='ocrx_word' id='word_1_403' title='bbox 470 2847 503 2887; x_wconf 89' lang='lat' dir='ltr'>ae</span> <span class='ocrx_word' id='word_1_404' title='bbox 521 2831 723 2888; x_wconf 86' lang='lat' dir='ltr'>lladianitidmn</span> <span class='ocrx_word' id='word_1_405' title='bbox 746 2848 838 2889; x_wconf 90' lang='lat' dir='ltr'>eoram</span> <span class='ocrx_word' id='word_1_406' title='bbox 857 2835 898 2890; x_wconf 91' lang='lat' dir='ltr'>cis</span> <span class='ocrx_word' id='word_1_407' title='bbox 913 2835 999 2890; x_wconf 81' lang='lat' dir='ltr'>oderr-</span> <span class='ocrx_word' id='word_1_408' title='bbox 1085 2832 1149 2888; x_wconf 85' lang='lat' dir='ltr'>llhtd</span> <span class='ocrx_word' id='word_1_409' title='bbox 1164 2846 1271 2902; x_wconf 82' lang='lat' dir='ltr'>quoque</span> <span class='ocrx_word' id='word_1_410' title='bbox 1292 2830 1436 2886; x_wconf 88' lang='lat' dir='ltr'>obscurum</span> <span class='ocrx_word' id='word_1_411' title='bbox 1456 2847 1510 2887; x_wconf 90' lang='lat' dir='ltr'>non</span> <span class='ocrx_word' id='word_1_412' title='bbox 1531 2840 1584 2898; x_wconf 90' lang='lat' dir='ltr'>est,</span> <span class='ocrx_word' id='word_1_413' title='bbox 1605 2830 1755 2903; x_wconf 84' lang='lat' dir='ltr'>quodcum</span> <span class='ocrx_word' id='word_1_414' title='bbox 1772 2831 1836 2889; x_wconf 88' lang='lat' dir='ltr'>Saul</span> 
     </span>
     <span class='ocr_line' id='line_1_31' title="bbox 208 2918 1837 2992; baseline 0 -15"><span class='ocrx_word' id='word_1_415' title='bbox 208 2922 440 2992; x_wconf 83' lang='lat' dir='ltr'>diculumposnit.</span> <span class='ocrx_word' id='word_1_416' title='bbox 463 2921 492 2976; x_wconf 90' lang='lat' dir='ltr'>Si</span> <span class='ocrx_word' id='word_1_417' title='bbox 512 2936 577 2992; x_wconf 87' lang='lat' dir='ltr'>ergo</span> <span class='ocrx_word' id='word_1_418' title='bbox 591 2921 646 2990; x_wconf 90' lang='lat' dir='ltr'>ille,</span> <span class='ocrx_word' id='word_1_419' title='bbox 668 2924 714 2992; x_wconf 81' lang='lat' dir='ltr'>qui</span> <span class='ocrx_word' id='word_1_420' title='bbox 732 2923 814 2978; x_wconf 88' lang='lat' dir='ltr'>etiam</span> <span class='ocrx_word' id='word_1_421' title='bbox 838 2923 1000 2981; x_wconf 74' lang='lat' dir='ltr'>maledicere</span> <span class='ocrx_word' id='word_1_422' title='bbox 1049 2919 1193 2976; x_wconf 81' lang='lat' dir='ltr'>mre-risset</span> <span class='ocrx_word' id='word_1_423' title='bbox 1205 2919 1316 2974; x_wconf 87' lang='lat' dir='ltr'>lictores</span> <span class='ocrx_word' id='word_1_424' title='bbox 1342 2918 1377 2974; x_wconf 91' lang='lat' dir='ltr'>ad</span> <span class='ocrx_word' id='word_1_425' title='bbox 1399 2919 1556 2988; x_wconf 90' lang='lat' dir='ltr'>rapiendum</span> <span class='ocrx_word' id='word_1_426' title='bbox 1583 2919 1776 2991; x_wconf 71' lang='lat' dir='ltr'>{laudatque</span> <span class='ocrx_word' id='word_1_427' title='bbox 1798 2921 1837 2977; x_wconf 89' lang='lat' dir='ltr'>ilfi</span> 
     </span>
     <span class='ocr_line' id='line_1_32' title="bbox 207 2994 1838 3087; baseline -0.002 -19"><span class='ocrx_word' id='word_1_428' title='bbox 207 3011 346 3080; x_wconf 72' lang='lat' dir='ltr'>concupiit,</span> <span class='ocrx_word' id='word_1_429' title='bbox 366 3024 536 3081; x_wconf 82' lang='lat' dir='ltr'>nequaquam</span> <span class='ocrx_word' id='word_1_430' title='bbox 560 3018 648 3087; x_wconf 87' lang='lat' dir='ltr'>tamen</span> <span class='ocrx_word' id='word_1_431' title='bbox 670 3019 700 3064; x_wconf 92' lang='lat' dir='ltr'>ut</span> <span class='ocrx_word' id='word_1_432' title='bbox 721 3010 883 3066; x_wconf 85' lang='lat' dir='ltr'>nralcdieere</span> <span class='ocrx_word' id='word_1_433' title='bbox 896 3020 997 3083; x_wconf 87' lang='lat' dir='ltr'>posset,</span> <span class='ocrx_word' id='word_1_434' title='bbox 1013 2994 1035 3057; x_wconf 82' lang='lat' dir='ltr'>C</span> <span class='ocrx_word' id='word_1_435' title='bbox 1046 3009 1123 3077; x_wconf 73' lang='lat' dir='ltr'>J&#39;rvxta</span> <span class='ocrx_word' id='word_1_436' title='bbox 1153 3008 1232 3063; x_wconf 89' lang='lat' dir='ltr'>fldem</span> <span class='ocrx_word' id='word_1_437' title='bbox 1260 3008 1380 3064; x_wconf 74' lang='lat' dir='ltr'>historiae</span> <span class='ocrx_word' id='word_1_438' title='bbox 1412 3008 1542 3065; x_wconf 84' lang='lat' dir='ltr'>vidissent</span> <span class='ocrx_word' id='word_1_439' title='bbox 1576 3024 1637 3065; x_wconf 90' lang='lat' dir='ltr'>eum</span> <span class='ocrx_word' id='word_1_440' title='bbox 1663 3024 1697 3065; x_wconf 88' lang='lat' dir='ltr'>eo</span> <span class='ocrx_word' id='word_1_441' title='bbox 1724 3010 1838 3080; x_wconf 77' lang='lat' dir='ltr'>prophe·</span> 
     </span>
     <span class='ocr_line' id='line_1_33' title="bbox 209 3099 1838 3171; baseline -0.001 -14"><span class='ocrx_word' id='word_1_442' title='bbox 209 3100 343 3167; x_wconf 85' lang='lat' dir='ltr'>obtimtit,·</span> <span class='ocrx_word' id='word_1_443' title='bbox 357 3100 423 3171; x_wconf 90' lang='lat' dir='ltr'>quid</span> <span class='ocrx_word' id='word_1_444' title='bbox 437 3099 490 3155; x_wconf 86' lang='lat' dir='ltr'>nisi</span> <span class='ocrx_word' id='word_1_445' title='bbox 506 3100 559 3154; x_wconf 95' lang='lat' dir='ltr'>hoe</span> <span class='ocrx_word' id='word_1_446' title='bbox 572 3099 660 3170; x_wconf 89' lang='lat' dir='ltr'>ipsum</span> <span class='ocrx_word' id='word_1_447' title='bbox 675 3099 777 3154; x_wconf 90' lang='lat' dir='ltr'>sentire</span> <span class='ocrx_word' id='word_1_448' title='bbox 791 3100 824 3155; x_wconf 90' lang='lat' dir='ltr'>dc</span> <span class='ocrx_word' id='word_1_449' title='bbox 839 3099 1000 3156; x_wconf 87' lang='lat' dir='ltr'>Simoniaeis</span> <span class='ocrx_word' id='word_1_450' title='bbox 1051 3112 1140 3155; x_wconf 91' lang='lat' dir='ltr'>tarum</span> <span class='ocrx_word' id='word_1_451' title='bbox 1165 3099 1370 3155; x_wconf 87' lang='lat' dir='ltr'>vaticinantium</span> <span class='ocrx_word' id='word_1_452' title='bbox 1400 3113 1536 3166; x_wconf 90' lang='lat' dir='ltr'>cuneum,</span> <span class='ocrx_word' id='word_1_453' title='bbox 1568 3107 1596 3155; x_wconf 91' lang='lat' dir='ltr'>et</span> <span class='ocrx_word' id='word_1_454' title='bbox 1625 3099 1735 3155; x_wconf 88' lang='lat' dir='ltr'>Samuel</span> <span class='ocrx_word' id='word_1_455' title='bbox 1763 3109 1838 3155; x_wconf 87' lang='lat' dir='ltr'>stan·</span> 
     </span>
     <span class='ocr_line' id='line_1_34' title="bbox 209 3186 1838 3273; baseline -0.001 -29"><span class='ocrx_word' id='word_1_456' title='bbox 209 3189 309 3255; x_wconf 86' lang='lat' dir='ltr'>valeat,</span> <span class='ocrx_word' id='word_1_457' title='bbox 332 3187 378 3246; x_wconf 92' lang='lat' dir='ltr'>ubi</span> <span class='ocrx_word' id='word_1_458' title='bbox 399 3197 477 3244; x_wconf 90' lang='lat' dir='ltr'>eerte</span> <span class='ocrx_word' id='word_1_459' title='bbox 501 3202 578 3273; x_wconf 78' lang='lat' dir='ltr'>mens</span> <span class='ocrx_word' id='word_1_460' title='bbox 601 3202 663 3242; x_wconf 87' lang='lat' dir='ltr'>cunr</span> <span class='ocrx_word' id='word_1_461' title='bbox 690 3188 789 3259; x_wconf 83' lang='lat' dir='ltr'>lingua</span> <span class='ocrx_word' id='word_1_462' title='bbox 812 3188 1001 3246; x_wconf 88' lang='lat' dir='ltr'>benedictione</span> <span class='ocrx_word' id='word_1_463' title='bbox 1050 3200 1104 3246; x_wconf 89' lang='lat' dir='ltr'>tem</span> <span class='ocrx_word' id='word_1_464' title='bbox 1132 3202 1284 3258; x_wconf 86' lang='lat' dir='ltr'>supereos,</span> <span class='ocrx_word' id='word_1_465' title='bbox 1311 3186 1400 3243; x_wconf 86' lang='lat' dir='ltr'>laetus</span> <span class='ocrx_word' id='word_1_466' title='bbox 1416 3196 1458 3243; x_wconf 90' lang='lat' dir='ltr'>est</span> <span class='ocrx_word' id='word_1_467' title='bbox 1478 3187 1558 3242; x_wconf 89' lang='lat' dir='ltr'>etiam</span> <span class='ocrx_word' id='word_1_468' title='bbox 1587 3188 1615 3242; x_wconf 93' lang='lat' dir='ltr'>in</span> <span class='ocrx_word' id='word_1_469' title='bbox 1640 3186 1694 3242; x_wconf 90' lang='lat' dir='ltr'>illis</span> <span class='ocrx_word' id='word_1_470' title='bbox 1719 3186 1838 3259; x_wconf 86' lang='lat' dir='ltr'>Spiritus</span> 
     </span>
     <span class='ocr_line' id='line_1_35' title="bbox 208 3275 1837 3351; baseline -0.003 -16"><span class='ocrx_word' id='word_1_471' title='bbox 208 3279 377 3336; x_wconf 73' lang='lat' dir='ltr'>coneordat?</span> <span class='ocrx_word' id='word_1_472' title='bbox 400 3278 454 3335; x_wconf 89' lang='lat' dir='ltr'>Sed</span> <span class='ocrx_word' id='word_1_473' title='bbox 477 3279 524 3349; x_wconf 89' lang='lat' dir='ltr'>qui</span> <span class='ocrx_word' id='word_1_474' title='bbox 552 3279 718 3351; x_wconf 84' lang='lat' dir='ltr'>propheticae</span> <span class='ocrx_word' id='word_1_475' title='bbox 749 3279 889 3351; x_wconf 88' lang='lat' dir='ltr'>dignitatis</span> <span class='ocrx_word' id='word_1_476' title='bbox 913 3279 1000 3336; x_wconf 86' lang='lat' dir='ltr'>odfeio</span> <span class='ocrx_word' id='word_1_477' title='bbox 1050 3279 1173 3342; x_wconf 84' lang='lat' dir='ltr'>Domini,</span> <span class='ocrx_word' id='word_1_478' title='bbox 1199 3286 1226 3332; x_wconf 90' lang='lat' dir='ltr'>et</span> <span class='ocrx_word' id='word_1_479' title='bbox 1251 3276 1413 3349; x_wconf 83' lang='lat' dir='ltr'>prophetare</span> <span class='ocrx_word' id='word_1_480' title='bbox 1439 3284 1581 3347; x_wconf 89' lang='lat' dir='ltr'>coeperont</span> <span class='ocrx_word' id='word_1_481' title='bbox 1605 3294 1613 3332; x_wconf 74' lang='grc' dir='ltr'><strong>ι</strong></span> <span class='ocrx_word' id='word_1_482' title='bbox 1636 3290 1752 3347; x_wconf 80' lang='lat' dir='ltr'>euinque</span> <span class='ocrx_word' id='word_1_483' title='bbox 1774 3275 1837 3335; x_wconf 83' lang='lat' dir='ltr'>Saul</span> 
     </span>
     <span class='ocr_line' id='line_1_36' title="bbox 208 3366 1836 3441; baseline -0.002 -16"><span class='ocrx_word' id='word_1_484' title='bbox 208 3372 392 3428; x_wconf 77' lang='lat' dir='ltr'>irreverenter</span> <span class='ocrx_word' id='word_1_485' title='bbox 410 3370 510 3425; x_wconf 90' lang='lat' dir='ltr'>abusus</span> <span class='ocrx_word' id='word_1_486' title='bbox 529 3378 579 3435; x_wconf 89' lang='lat' dir='ltr'>est,</span> <span class='ocrx_word' id='word_1_487' title='bbox 599 3384 654 3440; x_wconf 88' lang='lat' dir='ltr'>quo</span> <span class='ocrx_word' id='word_1_488' title='bbox 668 3370 774 3425; x_wconf 74' lang='lat' dir='ltr'>undem</span> <span class='ocrx_word' id='word_1_489' title='bbox 790 3370 1001 3441; x_wconf 76' lang='lat' dir='ltr'>collataegratioe</span> <span class='ocrx_word' id='word_1_490' title='bbox 1050 3368 1170 3425; x_wconf 86' lang='lat' dir='ltr'>seeundo</span> <span class='ocrx_word' id='word_1_491' title='bbox 1203 3376 1230 3425; x_wconf 92' lang='lat' dir='ltr'>et</span> <span class='ocrx_word' id='word_1_492' title='bbox 1266 3367 1343 3423; x_wconf 89' lang='lat' dir='ltr'>tertio</span> <span class='ocrx_word' id='word_1_493' title='bbox 1373 3367 1456 3430; x_wconf 90' lang='lat' dir='ltr'>alios,</span> <span class='ocrx_word' id='word_1_494' title='bbox 1488 3376 1569 3436; x_wconf 90' lang='lat' dir='ltr'>atque</span> <span class='ocrx_word' id='word_1_495' title='bbox 1605 3366 1674 3423; x_wconf 88' lang='lat' dir='ltr'>alios</span> <span class='ocrx_word' id='word_1_496' title='bbox 1701 3368 1836 3435; x_wconf 89' lang='lat' dir='ltr'>mitteret,</span> 
     </span>
     <span class='ocr_line' id='line_1_37' title="bbox 209 3458 1838 3536; baseline -0.001 -17"><span class='ocrx_word' id='word_1_497' title='bbox 209 3462 416 3536; x_wconf 75' lang='lat' dir='ltr'>prerogativam</span> <span class='ocrx_word' id='word_1_498' title='bbox 441 3461 498 3534; x_wconf 64' lang='grc'>94</span> <span class='ocrx_word' id='word_1_499' title='bbox 525 3461 578 3516; x_wconf 86' lang='lat' dir='ltr'>dne</span> <span class='ocrx_word' id='word_1_500' title='bbox 601 3461 749 3517; x_wconf 75' lang='lat' dir='ltr'>conclusit?</span> <span class='ocrx_word' id='word_1_501' title='bbox 773 3460 843 3516; x_wconf 86' lang='lat' dir='ltr'>Nam·</span> <span class='ocrx_word' id='word_1_502' title='bbox 870 3469 930 3533; x_wconf 81' lang='lat' dir='ltr'>poet</span> <span class='ocrx_word' id='word_1_503' title='bbox 959 3463 1001 3518; x_wconf 92' lang='lat' dir='ltr'>di·</span> <span class='ocrx_word' id='word_1_504' title='bbox 1050 3472 1078 3518; x_wconf 89' lang='lat' dir='ltr'>et</span> <span class='ocrx_word' id='word_1_505' title='bbox 1088 3463 1148 3518; x_wconf 87' lang='lat' dir='ltr'>illos</span> <span class='ocrx_word' id='word_1_506' title='bbox 1158 3461 1332 3518; x_wconf 87' lang='lat' dir='ltr'>nihilominus</span> <span class='ocrx_word' id='word_1_507' title='bbox 1342 3460 1516 3532; x_wconf 85' lang='lat' dir='ltr'>propheticus</span> <span class='ocrx_word' id='word_1_508' title='bbox 1527 3459 1581 3530; x_wconf 78' lang='grc'>95</span> <span class='ocrx_word' id='word_1_509' title='bbox 1593 3458 1710 3530; x_wconf 90' lang='lat' dir='ltr'>Spiritus</span> <span class='ocrx_word' id='word_1_510' title='bbox 1723 3460 1838 3517; x_wconf 88' lang='lat' dir='ltr'>invasis·</span> 
     </span>
     <span class='ocr_line' id='line_1_38' title="bbox 208 3547 1838 3629; baseline -0.006 -17"><span class='ocrx_word' id='word_1_511' title='bbox 208 3564 315 3629; x_wconf 85' lang='lat' dir='ltr'>gestant</span> <span class='ocrx_word' id='word_1_512' title='bbox 337 3553 477 3610; x_wconf 89' lang='lat' dir='ltr'>lsraelitlei</span> <span class='ocrx_word' id='word_1_513' title='bbox 500 3554 589 3623; x_wconf 90' lang='lat' dir='ltr'>populi</span> <span class='ocrx_word' id='word_1_514' title='bbox 612 3553 751 3609; x_wconf 85' lang='lat' dir='ltr'>uictoriam</span> <span class='ocrx_word' id='word_1_515' title='bbox 778 3553 917 3625; x_wconf 88' lang='lat' dir='ltr'>Scriptura</span> <span class='ocrx_word' id='word_1_516' title='bbox 937 3569 1000 3610; x_wconf 82' lang='lat' dir='ltr'>mor</span> <span class='ocrx_word' id='word_1_517' title='bbox 1050 3562 1100 3616; x_wconf 90' lang='lat' dir='ltr'>set,</span> <span class='ocrx_word' id='word_1_518' title='bbox 1114 3552 1234 3629; x_wconf 83' lang='lat' dir='ltr'>tandem,</span> <span class='ocrx_word' id='word_1_519' title='bbox 1247 3560 1278 3606; x_wconf 90' lang='lat' dir='ltr'>ut</span> <span class='ocrx_word' id='word_1_520' title='bbox 1288 3551 1428 3621; x_wconf 84' lang='lat' dir='ltr'>Scriptura</span> <span class='ocrx_word' id='word_1_521' title='bbox 1442 3548 1587 3618; x_wconf 77' lang='lat' dir='ltr'>testaturlf</span> <span class='ocrx_word' id='word_1_522' title='bbox 1598 3547 1662 3619; x_wconf 84' lang='lat' dir='ltr'>fleg.</span> <span class='ocrx_word' id='word_1_523' title='bbox 1676 3548 1742 3619; x_wconf 63' lang='lat' dir='ltr'>uun)</span> <span class='ocrx_word' id='word_1_524' title='bbox 1754 3549 1838 3604; x_wconf 89' lang='lat' dir='ltr'>iratus</span> 
     </span>
     <span class='ocr_line' id='line_1_39' title="bbox 209 3639 1846 3713; baseline -0.005 -12"><span class='ocrx_word' id='word_1_525' title='bbox 209 3646 312 3713; x_wconf 89' lang='lat' dir='ltr'>intulit,</span> <span class='ocrx_word' id='word_1_526' title='bbox 323 3644 416 3701; x_wconf 89' lang='lat' dir='ltr'>diceus</span> <span class='ocrx_word' id='word_1_527' title='bbox 431 3661 439 3699; x_wconf 87' lang='lat' dir='ltr'>t</span> <span class='ocrx_word' id='word_1_528' title='bbox 454 3660 464 3695; x_wconf 90' lang='lat' dir='ltr'>r</span> <span class='ocrx_word' id='word_1_529' title='bbox 482 3642 592 3698; x_wconf 87' lang='lat' dir='ltr'>Balaam</span> <span class='ocrx_word' id='word_1_530' title='bbox 610 3657 718 3713; x_wconf 85' lang='lat' dir='ltr'>quoque</span> <span class='ocrx_word' id='word_1_531' title='bbox 730 3643 813 3697; x_wconf 88' lang='lat' dir='ltr'>fllium</span> <span class='ocrx_word' id='word_1_532' title='bbox 830 3644 899 3700; x_wconf 77' lang='lat' dir='ltr'>licor</span> <span class='ocrx_word' id='word_1_533' title='bbox 918 3644 1002 3701; x_wconf 87' lang='lat' dir='ltr'>inter·</span> <span class='ocrx_word' id='word_1_534' title='bbox 1051 3643 1108 3713; x_wconf 90' lang='lat' dir='ltr'>lpse</span> <span class='ocrx_word' id='word_1_535' title='bbox 1123 3641 1188 3697; x_wconf 89' lang='lat' dir='ltr'>Saul</span> <span class='ocrx_word' id='word_1_536' title='bbox 1202 3642 1269 3697; x_wconf 87' lang='lat' dir='ltr'>abiit</span> <span class='ocrx_word' id='word_1_537' title='bbox 1289 3641 1315 3697; x_wconf 91' lang='lat' dir='ltr'>in</span> <span class='ocrx_word' id='word_1_538' title='bbox 1337 3640 1471 3695; x_wconf 82' lang='lat' dir='ltr'>Ramatha</span> <span class='ocrx_word' id='word_1_539' title='bbox 1486 3658 1493 3693; x_wconf 90' lang='lat'>:</span> <span class='ocrx_word' id='word_1_540' title='bbox 1511 3639 1559 3696; x_wconf 90' lang='lat' dir='ltr'>sed</span> <span class='ocrx_word' id='word_1_541' title='bbox 1578 3647 1722 3708; x_wconf 87' lang='lat' dir='ltr'>antequam</span> <span class='ocrx_word' id='word_1_542' title='bbox 1745 3654 1846 3709; x_wconf 20' lang='lat' dir='ltr'>perse-7</span> 
     </span>
     <span class='ocr_line' id='line_1_40' title="bbox 209 3717 1840 3808; baseline -0.007 -16"><span class='ocrx_word' id='word_1_543' title='bbox 209 3736 334 3792; x_wconf 86' lang='lat' dir='ltr'>lecerunt</span> <span class='ocrx_word' id='word_1_544' title='bbox 347 3735 436 3807; x_wconf 90' lang='lat' dir='ltr'>gladio</span> <span class='ocrx_word' id='word_1_545' title='bbox 447 3733 544 3806; x_wconf 85' lang='lat' dir='ltr'>(Num.</span> <span class='ocrx_word' id='word_1_546' title='bbox 558 3733 670 3804; x_wconf 67' lang='lat' dir='ltr'>usuri.»</span> <span class='ocrx_word' id='word_1_547' title='bbox 687 3733 732 3808; x_wconf 80' lang='lat' dir='ltr'>Sic</span> <span class='ocrx_word' id='word_1_548' title='bbox 742 3734 870 3789; x_wconf 86' lang='lat' dir='ltr'>nimirum</span> <span class='ocrx_word' id='word_1_549' title='bbox 885 3717 943 3790; x_wconf 79' lang='lat' dir='ltr'>sive</span> <span class='ocrx_word' id='word_1_550' title='bbox 958 3734 1001 3790; x_wconf 91' lang='lat' dir='ltr'>Si·</span> <span class='ocrx_word' id='word_1_551' title='bbox 1051 3734 1144 3797; x_wconf 87' lang='lat' dir='ltr'>nisset,</span> <span class='ocrx_word' id='word_1_552' title='bbox 1160 3731 1247 3786; x_wconf 87' lang='lat' dir='ltr'>faetus</span> <span class='ocrx_word' id='word_1_553' title='bbox 1260 3738 1303 3786; x_wconf 92' lang='lat' dir='ltr'>est</span> <span class='ocrx_word' id='word_1_554' title='bbox 1317 3730 1399 3785; x_wconf 87' lang='lat' dir='ltr'>etiam</span> <span class='ocrx_word' id='word_1_555' title='bbox 1413 3743 1494 3799; x_wconf 88' lang='lat' dir='ltr'>super</span> <span class='ocrx_word' id='word_1_556' title='bbox 1513 3742 1576 3782; x_wconf 91' lang='lat' dir='ltr'>eum</span> <span class='ocrx_word' id='word_1_557' title='bbox 1598 3726 1715 3797; x_wconf 89' lang='lat' dir='ltr'>Spiritus</span> <span class='ocrx_word' id='word_1_558' title='bbox 1737 3725 1795 3791; x_wconf 84' lang='lat' dir='ltr'>Dei,</span> <span class='ocrx_word' id='word_1_559' title='bbox 1810 3735 1840 3781; x_wconf 93' lang='lat' dir='ltr'>et</span> 
     </span>
     <span class='ocr_line' id='line_1_41' title="bbox 209 3814 1839 3894; baseline -0.009 -12"><span class='ocrx_word' id='word_1_560' title='bbox 209 3826 337 3891; x_wconf 88' lang='lat' dir='ltr'>moniaci,</span> <span class='ocrx_word' id='word_1_561' title='bbox 349 3840 398 3881; x_wconf 87' lang='lat' dir='ltr'>seu</span> <span class='ocrx_word' id='word_1_562' title='bbox 408 3823 520 3894; x_wconf 83' lang='lat' dir='ltr'>quilibet</span> <span class='ocrx_word' id='word_1_563' title='bbox 532 3822 671 3878; x_wconf 85' lang='lat' dir='ltr'>criminosi</span> <span class='ocrx_word' id='word_1_564' title='bbox 682 3823 861 3893; x_wconf 89' lang='lat' dir='ltr'>suscipiendis</span> <span class='ocrx_word' id='word_1_565' title='bbox 869 3839 903 3880; x_wconf 87' lang='lat' dir='ltr'>se</span> <span class='ocrx_word' id='word_1_566' title='bbox 914 3824 997 3882; x_wconf 82' lang='lat' dir='ltr'>ceole</span> <span class='ocrx_word' id='word_1_567' title='bbox 1050 3820 1223 3892; x_wconf 86' lang='lat' dir='ltr'>prophetavit</span> <span class='ocrx_word' id='word_1_568' title='bbox 1246 3828 1300 3875; x_wconf 89' lang='lat' dir='ltr'>tota</span> <span class='ocrx_word' id='word_1_569' title='bbox 1323 3819 1367 3874; x_wconf 90' lang='lat' dir='ltr'>die</span> <span class='ocrx_word' id='word_1_570' title='bbox 1386 3817 1474 3874; x_wconf 89' lang='lat' dir='ltr'>nudus</span> <span class='ocrx_word' id='word_1_571' title='bbox 1490 3832 1551 3879; x_wconf 85' lang='lat' dir='ltr'>cum</span> <span class='ocrx_word' id='word_1_572' title='bbox 1566 3816 1671 3871; x_wconf 81' lang='lat' dir='ltr'>caeteris</span> <span class='ocrx_word' id='word_1_573' title='bbox 1683 3830 1773 3872; x_wconf 88' lang='lat' dir='ltr'>eoram</span> <span class='ocrx_word' id='word_1_574' title='bbox 1789 3814 1839 3873; x_wconf 83' lang='lat' dir='ltr'>Sa·</span> 
     </span>
     <span class='ocr_line' id='line_1_42' title="bbox 209 3905 1837 3983; baseline -0.007 -12"><span class='ocrx_word' id='word_1_575' title='bbox 209 3912 330 3971; x_wconf 81' lang='lat' dir='ltr'>siasticis</span> <span class='ocrx_word' id='word_1_576' title='bbox 353 3912 512 3969; x_wconf 87' lang='lat' dir='ltr'>ministeriis</span> <span class='ocrx_word' id='word_1_577' title='bbox 534 3911 671 3983; x_wconf 89' lang='lat' dir='ltr'>applicant</span> <span class='ocrx_word' id='word_1_578' title='bbox 691 3929 698 3965; x_wconf 92' lang='lat'>:</span> <span class='ocrx_word' id='word_1_579' title='bbox 718 3920 747 3967; x_wconf 94' lang='lat' dir='ltr'>et</span> <span class='ocrx_word' id='word_1_580' title='bbox 768 3912 868 3968; x_wconf 86' lang='lat' dir='ltr'>donum</span> <span class='ocrx_word' id='word_1_581' title='bbox 892 3913 1000 3983; x_wconf 90' lang='lat' dir='ltr'>quidem</span> <span class='ocrx_word' id='word_1_582' title='bbox 1051 3912 1133 3967; x_wconf 90' lang='lat' dir='ltr'>muel.</span> <span class='ocrx_word' id='word_1_583' title='bbox 1162 3909 1231 3978; x_wconf 83' lang='lat' dir='ltr'>Quid</span> <span class='ocrx_word' id='word_1_584' title='bbox 1249 3925 1314 3980; x_wconf 90' lang='lat' dir='ltr'>ergo</span> <span class='ocrx_word' id='word_1_585' title='bbox 1331 3909 1428 3964; x_wconf 89' lang='lat' dir='ltr'>mirum</span> <span class='ocrx_word' id='word_1_586' title='bbox 1451 3908 1474 3963; x_wconf 92' lang='lat' dir='ltr'>si</span> <span class='ocrx_word' id='word_1_587' title='bbox 1495 3907 1616 3977; x_wconf 91' lang='lat' dir='ltr'>perversi</span> <span class='ocrx_word' id='word_1_588' title='bbox 1631 3906 1755 3962; x_wconf 90' lang='lat' dir='ltr'>homines</span> <span class='ocrx_word' id='word_1_589' title='bbox 1768 3905 1837 3960; x_wconf 90' lang='lat' dir='ltr'>dona</span> 
     </span>
     <span class='ocr_line' id='line_1_43' title="bbox 209 3993 1838 4076; baseline -0.009 -15"><span class='ocrx_word' id='word_1_590' title='bbox 209 4020 333 4076; x_wconf 79' lang='lat' dir='ltr'>supernae</span> <span class='ocrx_word' id='word_1_591' title='bbox 346 4003 441 4075; x_wconf 78' lang='lat' dir='ltr'>gratia</span> <span class='ocrx_word' id='word_1_592' title='bbox 460 4015 492 4058; x_wconf 84' lang='lat' dir='ltr'>cs</span> <span class='ocrx_word' id='word_1_593' title='bbox 512 4001 680 4072; x_wconf 88' lang='lat' dir='ltr'>benignitate</span> <span class='ocrx_word' id='word_1_594' title='bbox 698 4001 839 4071; x_wconf 88' lang='lat' dir='ltr'>largitoris</span> <span class='ocrx_word' id='word_1_595' title='bbox 852 4002 999 4073; x_wconf 89' lang='lat' dir='ltr'>accipiunt,</span> <span class='ocrx_word' id='word_1_596' title='bbox 1052 4001 1109 4068; x_wconf 83' lang='lat' dir='ltr'>ilci,</span> <span class='ocrx_word' id='word_1_597' title='bbox 1125 4002 1223 4072; x_wconf 86' lang='lat' dir='ltr'>quibus</span> <span class='ocrx_word' id='word_1_598' title='bbox 1237 3999 1338 4071; x_wconf 89' lang='lat' dir='ltr'>indigni</span> <span class='ocrx_word' id='word_1_599' title='bbox 1357 3997 1479 4063; x_wconf 79' lang='lat' dir='ltr'>suntad</span> <span class='ocrx_word' id='word_1_600' title='bbox 1498 3997 1635 4052; x_wconf 88' lang='lat' dir='ltr'>cuornlum</span> <span class='ocrx_word' id='word_1_601' title='bbox 1654 4011 1709 4051; x_wconf 83' lang='lat' dir='ltr'>suae</span> <span class='ocrx_word' id='word_1_602' title='bbox 1727 3993 1838 4049; x_wconf 85' lang='lat' dir='ltr'>‹lamna-</span> 
     </span>
     <span class='ocr_line' id='line_1_44' title="bbox 209 4085 1838 4164; baseline -0.004 -16"><span class='ocrx_word' id='word_1_603' title='bbox 209 4101 238 4148; x_wconf 90' lang='lat' dir='ltr'>et</span> <span class='ocrx_word' id='word_1_604' title='bbox 249 4092 359 4164; x_wconf 87' lang='lat' dir='ltr'>dignum</span> <span class='ocrx_word' id='word_1_605' title='bbox 380 4100 469 4145; x_wconf 77' lang='lat' dir='ltr'>umen</span> <span class='ocrx_word' id='word_1_606' title='bbox 493 4090 595 4161; x_wconf 90' lang='lat' dir='ltr'>proprii</span> <span class='ocrx_word' id='word_1_607' title='bbox 618 4103 748 4146; x_wconf 84' lang='lat' dir='ltr'>excessus</span> <span class='ocrx_word' id='word_1_608' title='bbox 766 4091 930 4161; x_wconf 89' lang='lat' dir='ltr'>stipendium</span> <span class='ocrx_word' id='word_1_609' title='bbox 945 4105 999 4147; x_wconf 91' lang='lat' dir='ltr'>non</span> <span class='ocrx_word' id='word_1_610' title='bbox 1053 4092 1134 4148; x_wconf 69' lang='lat' dir='ltr'>tonis</span> <span class='ocrx_word' id='word_1_611' title='bbox 1158 4093 1307 4162; x_wconf 88' lang='lat' dir='ltr'>accipiant;</span> <span class='ocrx_word' id='word_1_612' title='bbox 1337 4105 1399 4146; x_wconf 89' lang='lat' dir='ltr'>eum</span> <span class='ocrx_word' id='word_1_613' title='bbox 1423 4098 1450 4144; x_wconf 92' lang='lat' dir='ltr'>ct</span> <span class='ocrx_word' id='word_1_614' title='bbox 1475 4087 1549 4144; x_wconf 89' lang='lat' dir='ltr'>Sauli</span> <span class='ocrx_word' id='word_1_615' title='bbox 1573 4088 1633 4153; x_wconf 89' lang='lat' dir='ltr'>isti,</span> <span class='ocrx_word' id='word_1_616' title='bbox 1660 4101 1741 4156; x_wconf 80' lang='lat' dir='ltr'>quem</span> <span class='ocrx_word' id='word_1_617' title='bbox 1766 4085 1838 4143; x_wconf 79' lang='lat' dir='ltr'>fleus</span> 
     </span>
     <span class='ocr_line' id='line_1_45' title="bbox 209 4178 1839 4252; baseline -0.004 -15"><span class='ocrx_word' id='word_1_618' title='bbox 209 4180 338 4237; x_wconf 85' lang='lat' dir='ltr'>evadunt.</span> <span class='ocrx_word' id='word_1_619' title='bbox 352 4178 409 4235; x_wconf 86' lang='lat' dir='ltr'>lloo</span> <span class='ocrx_word' id='word_1_620' title='bbox 423 4179 498 4235; x_wconf 85' lang='lat' dir='ltr'>enim</span> <span class='ocrx_word' id='word_1_621' title='bbox 519 4179 571 4234; x_wconf 87' lang='lat' dir='ltr'>iliis</span> <span class='ocrx_word' id='word_1_622' title='bbox 585 4180 700 4234; x_wconf 90' lang='lat' dir='ltr'>vertitur</span> <span class='ocrx_word' id='word_1_623' title='bbox 715 4179 742 4234; x_wconf 92' lang='lat' dir='ltr'>in</span> <span class='ocrx_word' id='word_1_624' title='bbox 757 4180 917 4248; x_wconf 90' lang='lat' dir='ltr'>perniciem,</span> <span class='ocrx_word' id='word_1_625' title='bbox 929 4181 1001 4252; x_wconf 83' lang='lat' dir='ltr'>quod</span> <span class='ocrx_word' id='word_1_626' title='bbox 1052 4182 1195 4251; x_wconf 73' lang='lat' dir='ltr'>abiecerat,</span> <span class='ocrx_word' id='word_1_627' title='bbox 1210 4196 1288 4251; x_wconf 84' lang='lat' dir='ltr'>quem</span> <span class='ocrx_word' id='word_1_628' title='bbox 1300 4180 1355 4250; x_wconf 86' lang='lat' dir='ltr'>jam</span> <span class='ocrx_word' id='word_1_629' title='bbox 1370 4181 1473 4236; x_wconf 79' lang='lat' dir='ltr'>daemon</span> <span class='ocrx_word' id='word_1_630' title='bbox 1493 4180 1596 4249; x_wconf 86' lang='lat' dir='ltr'>agitare</span> <span class='ocrx_word' id='word_1_631' title='bbox 1607 4180 1756 4251; x_wconf 76' lang='lat' dir='ltr'>sepissime</span> <span class='ocrx_word' id='word_1_632' title='bbox 1770 4190 1839 4235; x_wconf 68' lang='lat' dir='ltr'>,oon-</span> 
     </span>
     <span class='ocr_line' id='line_1_46' title="bbox 208 4263 1839 4343; baseline -0.002 -17"><span class='ocrx_word' id='word_1_633' title='bbox 208 4269 299 4343; x_wconf 88' lang='lat' dir='ltr'>dignis</span> <span class='ocrx_word' id='word_1_634' title='bbox 311 4263 448 4339; x_wconf 86' lang='lat' dir='ltr'>provisum</span> <span class='ocrx_word' id='word_1_635' title='bbox 471 4266 566 4322; x_wconf 88' lang='lat' dir='ltr'>estad</span> <span class='ocrx_word' id='word_1_636' title='bbox 587 4266 815 4338; x_wconf 77' lang='lat' dir='ltr'>salutemhttpre</span> <span class='ocrx_word' id='word_1_637' title='bbox 834 4268 897 4324; x_wconf 88' lang='lat' dir='ltr'>inde</span> <span class='ocrx_word' id='word_1_638' title='bbox 916 4268 954 4323; x_wconf 90' lang='lat' dir='ltr'>illi</span> <span class='ocrx_word' id='word_1_639' title='bbox 972 4270 1000 4324; x_wconf 91' lang='lat' dir='ltr'>in</span> <span class='ocrx_word' id='word_1_640' title='bbox 1053 4282 1187 4338; x_wconf 89' lang='lat' dir='ltr'>sueverat,</span> <span class='ocrx_word' id='word_1_641' title='bbox 1205 4287 1258 4327; x_wconf 92' lang='lat' dir='ltr'>non</span> <span class='ocrx_word' id='word_1_642' title='bbox 1280 4273 1358 4327; x_wconf 91' lang='lat' dir='ltr'>rnodo</span> <span class='ocrx_word' id='word_1_643' title='bbox 1375 4271 1505 4342; x_wconf 89' lang='lat' dir='ltr'>Spiritum</span> <span class='ocrx_word' id='word_1_644' title='bbox 1520 4271 1568 4328; x_wconf 86' lang='lat' dir='ltr'>Dei</span> <span class='ocrx_word' id='word_1_645' title='bbox 1587 4271 1621 4327; x_wconf 90' lang='lat' dir='ltr'>ad</span> <span class='ocrx_word' id='word_1_646' title='bbox 1641 4271 1737 4325; x_wconf 91' lang='lat' dir='ltr'>horam</span> <span class='ocrx_word' id='word_1_647' title='bbox 1751 4270 1839 4327; x_wconf 83' lang='lat' dir='ltr'>susei-</span> 
     </span>
     <span class='ocr_line' id='line_1_47' title="bbox 210 4331 1840 4431; baseline -0.002 -15"><span class='ocrx_word' id='word_1_648' title='bbox 210 4369 318 4417; x_wconf 82' lang='lat' dir='ltr'>aeternae</span> <span class='ocrx_word' id='word_1_649' title='bbox 331 4357 427 4414; x_wconf 91' lang='lat' dir='ltr'>mortis</span> <span class='ocrx_word' id='word_1_650' title='bbox 444 4354 593 4427; x_wconf 89' lang='lat' dir='ltr'>perieulum</span> <span class='ocrx_word' id='word_1_651' title='bbox 612 4365 755 4424; x_wconf 81' lang='lat' dir='ltr'>eomnunt,</span> <span class='ocrx_word' id='word_1_652' title='bbox 776 4358 848 4412; x_wconf 89' lang='lat' dir='ltr'>unde</span> <span class='ocrx_word' id='word_1_653' title='bbox 866 4365 894 4414; x_wconf 92' lang='lat' dir='ltr'>et</span> <span class='ocrx_word' id='word_1_654' title='bbox 907 4356 953 4413; x_wconf 90' lang='lat' dir='ltr'>alii</span> <span class='ocrx_word' id='word_1_655' title='bbox 965 4357 999 4413; x_wconf 91' lang='lat' dir='ltr'>ad</span> <span class='ocrx_word' id='word_1_656' title='bbox 1014 4331 1128 4431; x_wconf 63' lang='lat' dir='ltr'>1&#39;pere</span> <span class='ocrx_word' id='word_1_657' title='bbox 1156 4360 1204 4416; x_wconf 90' lang='lat' dir='ltr'>sed</span> <span class='ocrx_word' id='word_1_658' title='bbox 1224 4361 1305 4415; x_wconf 90' lang='lat' dir='ltr'>etiam</span> <span class='ocrx_word' id='word_1_659' title='bbox 1331 4374 1391 4415; x_wconf 92' lang='lat' dir='ltr'>cum</span> <span class='ocrx_word' id='word_1_660' title='bbox 1420 4360 1476 4415; x_wconf 89' lang='lat' dir='ltr'>suis</span> <span class='ocrx_word' id='word_1_661' title='bbox 1497 4359 1592 4417; x_wconf 86' lang='lat' dir='ltr'>officiis</span> <span class='ocrx_word' id='word_1_662' title='bbox 1617 4372 1775 4419; x_wconf 87' lang='lat' dir='ltr'>eoncessum</span> <span class='ocrx_word' id='word_1_663' title='bbox 1803 4357 1840 4412; x_wconf 87' lang='lat' dir='ltr'>sit</span> 
     </span>
     <span class='ocr_line' id='line_1_48' title="bbox 210 4446 1838 4522; baseline -0.002 -17"><span class='ocrx_word' id='word_1_664' title='bbox 210 4448 375 4522; x_wconf 87' lang='lat' dir='ltr'>capessenda</span> <span class='ocrx_word' id='word_1_665' title='bbox 386 4447 448 4505; x_wconf 80' lang='lat' dir='ltr'>vitae</span> <span class='ocrx_word' id='word_1_666' title='bbox 458 4446 568 4519; x_wconf 80' lang='lat' dir='ltr'>panta</span> <span class='ocrx_word' id='word_1_667' title='bbox 580 4446 701 4517; x_wconf 82' lang='lat' dir='ltr'>vegetior</span> <span class='ocrx_word' id='word_1_668' title='bbox 710 4446 910 4505; x_wconf 80' lang='lat' dir='ltr'>convalescunt.</span> <span class='ocrx_word' id='word_1_669' title='bbox 920 4446 1000 4504; x_wconf 86' lang='lat' dir='ltr'>Certe</span> <span class='ocrx_word' id='word_1_670' title='bbox 1053 4449 1154 4505; x_wconf 88' lang='lat' dir='ltr'>diutius</span> <span class='ocrx_word' id='word_1_671' title='bbox 1167 4448 1346 4519; x_wconf 88' lang='lat' dir='ltr'>prophetarel</span> <span class='ocrx_word' id='word_1_672' title='bbox 1359 4449 1505 4505; x_wconf 78' lang='lat' dir='ltr'>fracundiae</span> <span class='ocrx_word' id='word_1_673' title='bbox 1525 4462 1621 4519; x_wconf 90' lang='lat' dir='ltr'>nempe</span> <span class='ocrx_word' id='word_1_674' title='bbox 1641 4446 1704 4503; x_wconf 88' lang='lat' dir='ltr'>felle</span> <span class='ocrx_word' id='word_1_675' title='bbox 1716 4460 1838 4503; x_wconf 88' lang='lat' dir='ltr'>eommo-</span> 
     </span>
     <span class='ocr_line' id='line_1_49' title="bbox 209 4537 1838 4613; baseline -0.004 -15"><span class='ocrx_word' id='word_1_676' title='bbox 209 4542 257 4612; x_wconf 84' lang='lat' dir='ltr'>qui</span> <span class='ocrx_word' id='word_1_677' title='bbox 272 4539 345 4597; x_wconf 90' lang='lat' dir='ltr'>illam</span> <span class='ocrx_word' id='word_1_678' title='bbox 357 4553 442 4596; x_wconf 83' lang='lat' dir='ltr'>sacrae</span> <span class='ocrx_word' id='word_1_679' title='bbox 454 4537 601 4610; x_wconf 78' lang='lat' dir='ltr'>Scriptura</span> <span class='ocrx_word' id='word_1_680' title='bbox 614 4537 751 4610; x_wconf 87' lang='lat' dir='ltr'>paginam,</span> <span class='ocrx_word' id='word_1_681' title='bbox 766 4553 827 4609; x_wconf 79' lang='lat' dir='ltr'>qua</span> <span class='ocrx_word' id='word_1_682' title='bbox 841 4537 876 4595; x_wconf 88' lang='lat' dir='ltr'>de</span> <span class='ocrx_word' id='word_1_683' title='bbox 887 4538 1000 4611; x_wconf 80' lang='lat' dir='ltr'>praefato</span> <span class='ocrx_word' id='word_1_684' title='bbox 1053 4548 1108 4613; x_wconf 82' lang='lat' dir='ltr'>tus,</span> <span class='ocrx_word' id='word_1_685' title='bbox 1123 4549 1149 4596; x_wconf 91' lang='lat' dir='ltr'>et</span> <span class='ocrx_word' id='word_1_686' title='bbox 1164 4540 1256 4597; x_wconf 81' lang='lat' dir='ltr'>livoris</span> <span class='ocrx_word' id='word_1_687' title='bbox 1275 4540 1356 4595; x_wconf 89' lang='lat' dir='ltr'>simul</span> <span class='ocrx_word' id='word_1_688' title='bbox 1370 4548 1397 4594; x_wconf 93' lang='lat' dir='ltr'>et</span> <span class='ocrx_word' id='word_1_689' title='bbox 1410 4541 1464 4596; x_wconf 90' lang='lat' dir='ltr'>odii</span> <span class='ocrx_word' id='word_1_690' title='bbox 1479 4548 1539 4595; x_wconf 91' lang='lat' dir='ltr'>erat</span> <span class='ocrx_word' id='word_1_691' title='bbox 1560 4538 1658 4595; x_wconf 88' lang='lat' dir='ltr'>ardore</span> <span class='ocrx_word' id='word_1_692' title='bbox 1672 4552 1838 4594; x_wconf 83' lang='lat' dir='ltr'>succensus:</span> 
     </span>
     <span class='ocr_line' id='line_1_50' title="bbox 165 4625 1839 4701; baseline -0.002 -16"><span class='ocrx_word' id='word_1_693' title='bbox 165 4692 167 4696; x_wconf 11' lang='grc' dir='ltr'><em>Α</em></span> <span class='ocrx_word' id='word_1_694' title='bbox 210 4631 320 4689; x_wconf 84' lang='lat' dir='ltr'>Balaam</span> <span class='ocrx_word' id='word_1_695' title='bbox 335 4629 464 4701; x_wconf 83' lang='lat' dir='ltr'>loquitur,</span> <span class='ocrx_word' id='word_1_696' title='bbox 483 4628 563 4685; x_wconf 90' lang='lat' dir='ltr'>oculo</span> <span class='ocrx_word' id='word_1_697' title='bbox 585 4627 712 4699; x_wconf 81' lang='lat' dir='ltr'>vigilante</span> <span class='ocrx_word' id='word_1_698' title='bbox 727 4628 873 4698; x_wconf 88' lang='lat' dir='ltr'>percurrit,</span> <span class='ocrx_word' id='word_1_699' title='bbox 887 4627 1001 4684; x_wconf 89' lang='lat' dir='ltr'>nullate-</span> <span class='ocrx_word' id='word_1_700' title='bbox 1053 4638 1144 4698; x_wconf 79' lang='lat' dir='ltr'>atque,</span> <span class='ocrx_word' id='word_1_701' title='bbox 1158 4637 1188 4683; x_wconf 91' lang='lat' dir='ltr'>ut</span> <span class='ocrx_word' id='word_1_702' title='bbox 1202 4643 1254 4683; x_wconf 92' lang='lat' dir='ltr'>non</span> <span class='ocrx_word' id='word_1_703' title='bbox 1273 4628 1373 4683; x_wconf 87' lang='lat' dir='ltr'>diutius</span> <span class='ocrx_word' id='word_1_704' title='bbox 1393 4628 1531 4695; x_wconf 90' lang='lat' dir='ltr'>immorer,</span> <span class='ocrx_word' id='word_1_705' title='bbox 1551 4629 1607 4683; x_wconf 85' lang='lat' dir='ltr'>beo</span> <span class='ocrx_word' id='word_1_706' title='bbox 1632 4641 1744 4693; x_wconf 90' lang='lat' dir='ltr'>vacuus,</span> <span class='ocrx_word' id='word_1_707' title='bbox 1768 4625 1839 4682; x_wconf 92' lang='lat' dir='ltr'>malo</span> 
     </span>
     <span class='ocr_line' id='line_1_51' title="bbox 210 4717 1837 4798; baseline -0.007 -16"><span class='ocrx_word' id='word_1_708' title='bbox 210 4740 263 4782; x_wconf 85' lang='lat' dir='ltr'>nus</span> <span class='ocrx_word' id='word_1_709' title='bbox 286 4725 391 4782; x_wconf 87' lang='lat' dir='ltr'>dubitat</span> <span class='ocrx_word' id='word_1_710' title='bbox 412 4725 485 4781; x_wconf 89' lang='lat' dir='ltr'>hune</span> <span class='ocrx_word' id='word_1_711' title='bbox 505 4723 640 4781; x_wconf 73' lang='lat' dir='ltr'>infelicem</span> <span class='ocrx_word' id='word_1_712' title='bbox 662 4724 761 4792; x_wconf 89' lang='lat' dir='ltr'>virum,</span> <span class='ocrx_word' id='word_1_713' title='bbox 787 4733 818 4780; x_wconf 91' lang='lat' dir='ltr'>ut</span> <span class='ocrx_word' id='word_1_714' title='bbox 838 4739 933 4782; x_wconf 85' lang='lat' dir='ltr'>revera</span> <span class='ocrx_word' id='word_1_715' title='bbox 952 4741 1001 4798; x_wconf 92' lang='lat' dir='ltr'>per</span> <span class='ocrx_word' id='word_1_716' title='bbox 1053 4720 1158 4795; x_wconf 80' lang='lat' dir='ltr'>spiritui</span> <span class='ocrx_word' id='word_1_717' title='bbox 1182 4719 1271 4775; x_wconf 91' lang='lat' dir='ltr'>fuerat</span> <span class='ocrx_word' id='word_1_718' title='bbox 1294 4718 1508 4774; x_wconf 87' lang='lat' dir='ltr'>irrevocabiliter</span> <span class='ocrx_word' id='word_1_719' title='bbox 1530 4717 1725 4788; x_wconf 83' lang='lat' dir='ltr'>mancipatus:</span> <span class='ocrx_word' id='word_1_720' title='bbox 1748 4725 1837 4771; x_wconf 88' lang='lat' dir='ltr'>tamen</span> 
     </span>
     <span class='ocr_line' id='line_1_52' title="bbox 210 4811 1839 4888; baseline -0.005 -17"><span class='ocrx_word' id='word_1_721' title='bbox 210 4817 301 4873; x_wconf 91' lang='lat' dir='ltr'>omnia</span> <span class='ocrx_word' id='word_1_722' title='bbox 323 4816 517 4880; x_wconf 88' lang='lat' dir='ltr'>Simonlaeum,</span> <span class='ocrx_word' id='word_1_723' title='bbox 543 4823 656 4888; x_wconf 82' lang='lat' dir='ltr'>excepta</span> <span class='ocrx_word' id='word_1_724' title='bbox 682 4816 754 4887; x_wconf 81' lang='lat' dir='ltr'>guod</span> <span class='ocrx_word' id='word_1_725' title='bbox 778 4816 871 4873; x_wconf 92' lang='lat' dir='ltr'>Simon</span> <span class='ocrx_word' id='word_1_726' title='bbox 887 4816 1001 4873; x_wconf 84' lang='lat' dir='ltr'>necdum</span> <span class='ocrx_word' id='word_1_727' title='bbox 1052 4828 1114 4869; x_wconf 90' lang='lat' dir='ltr'>eum</span> <span class='ocrx_word' id='word_1_728' title='bbox 1132 4813 1168 4869; x_wconf 91' lang='lat' dir='ltr'>ad</span> <span class='ocrx_word' id='word_1_729' title='bbox 1179 4813 1267 4869; x_wconf 91' lang='lat' dir='ltr'>focum</span> <span class='ocrx_word' id='word_1_730' title='bbox 1292 4812 1368 4868; x_wconf 90' lang='lat' dir='ltr'>chori</span> <span class='ocrx_word' id='word_1_731' title='bbox 1390 4812 1562 4868; x_wconf 87' lang='lat' dir='ltr'>raticinantis</span> <span class='ocrx_word' id='word_1_732' title='bbox 1584 4811 1711 4876; x_wconf 80' lang='lat' dir='ltr'>accessit,</span> <span class='ocrx_word' id='word_1_733' title='bbox 1729 4816 1839 4878; x_wconf 86' lang='lat' dir='ltr'>repente</span> 
     </span>
     <span class='ocr_line' id='line_1_53' title="bbox 212 4897 1839 4977; baseline -0.007 -13"><span class='ocrx_word' id='word_1_734' title='bbox 212 4908 310 4973; x_wconf 89' lang='lat' dir='ltr'>fuerat,</span> <span class='ocrx_word' id='word_1_735' title='bbox 324 4921 358 4961; x_wconf 86' lang='lat' dir='ltr'>cx</span> <span class='ocrx_word' id='word_1_736' title='bbox 368 4920 423 4976; x_wconf 85' lang='lat' dir='ltr'>quo</span> <span class='ocrx_word' id='word_1_737' title='bbox 433 4906 593 4962; x_wconf 88' lang='lat' dir='ltr'>detestabile</span> <span class='ocrx_word' id='word_1_738' title='bbox 603 4907 667 4962; x_wconf 90' lang='lat' dir='ltr'>illud</span> <span class='ocrx_word' id='word_1_739' title='bbox 677 4915 849 4964; x_wconf 86' lang='lat' dir='ltr'>mutuaretur</span> <span class='ocrx_word' id='word_1_740' title='bbox 858 4922 1001 4977; x_wconf 88' lang='lat' dir='ltr'>agnomen,</span> <span class='ocrx_word' id='word_1_741' title='bbox 1052 4918 1133 4974; x_wconf 90' lang='lat' dir='ltr'>super</span> <span class='ocrx_word' id='word_1_742' title='bbox 1146 4917 1206 4959; x_wconf 90' lang='lat' dir='ltr'>eum</span> <span class='ocrx_word' id='word_1_743' title='bbox 1226 4903 1333 4959; x_wconf 85' lang='lat' dir='ltr'>divinus</span> <span class='ocrx_word' id='word_1_744' title='bbox 1352 4900 1469 4973; x_wconf 88' lang='lat' dir='ltr'>Spiritus</span> <span class='ocrx_word' id='word_1_745' title='bbox 1485 4902 1574 4967; x_wconf 88' lang='lat' dir='ltr'>irruit,</span> <span class='ocrx_word' id='word_1_746' title='bbox 1597 4911 1626 4956; x_wconf 91' lang='lat' dir='ltr'>et</span> <span class='ocrx_word' id='word_1_747' title='bbox 1644 4899 1716 4956; x_wconf 89' lang='lat' dir='ltr'>refut</span> <span class='ocrx_word' id='word_1_748' title='bbox 1734 4897 1839 4969; x_wconf 89' lang='lat' dir='ltr'>apposi-</span> 
     </span>
    </p>
   </div>
   <div class='ocr_carea' id='block_1_3' title="bbox 159 5079 1840 5607">
    <p class='ocr_par' dir='ltr' id='par_1_3' title="bbox 159 5079 1840 5607">
     <span class='ocr_line' id='line_1_54' title="bbox 159 5079 1838 5159; baseline -0.005 -16"><span class='ocrx_word' id='word_1_749' title='bbox 159 5153 162 5159; x_wconf 46' lang='grc'><strong>,</strong></span> <span class='ocrx_word' id='word_1_750' title='bbox 212 5097 304 5143; x_wconf 89' lang='lat' dir='ltr'>tamen</span> <span class='ocrx_word' id='word_1_751' title='bbox 324 5100 372 5158; x_wconf 88' lang='lat' dir='ltr'>per</span> <span class='ocrx_word' id='word_1_752' title='bbox 393 5084 465 5141; x_wconf 89' lang='lat' dir='ltr'>hune</span> <span class='ocrx_word' id='word_1_753' title='bbox 488 5083 708 5143; x_wconf 81' lang='lat' dir='ltr'>manifestissime</span> <span class='ocrx_word' id='word_1_754' title='bbox 727 5085 858 5156; x_wconf 87' lang='lat' dir='ltr'>Spiritum</span> <span class='ocrx_word' id='word_1_755' title='bbox 880 5096 1002 5143; x_wconf 90' lang='lat' dir='ltr'>sanetum</span> <span class='ocrx_word' id='word_1_756' title='bbox 1054 5080 1211 5139; x_wconf 86' lang='lat' dir='ltr'>incredibile</span> <span class='ocrx_word' id='word_1_757' title='bbox 1224 5082 1310 5137; x_wconf 89' lang='lat' dir='ltr'>videri</span> <span class='ocrx_word' id='word_1_758' title='bbox 1333 5081 1422 5147; x_wconf 89' lang='lat' dir='ltr'>debet,</span> <span class='ocrx_word' id='word_1_759' title='bbox 1436 5082 1459 5136; x_wconf 90' lang='lat' dir='ltr'>si</span> <span class='ocrx_word' id='word_1_760' title='bbox 1480 5083 1508 5137; x_wconf 90' lang='lat' dir='ltr'>in</span> <span class='ocrx_word' id='word_1_761' title='bbox 1528 5090 1621 5137; x_wconf 87' lang='lat' dir='ltr'>saneta</span> <span class='ocrx_word' id='word_1_762' title='bbox 1635 5079 1838 5149; x_wconf 80' lang='lat' dir='ltr'>Ecdesia,quae</span> 
     </span>
     <span class='ocr_line' id='line_1_55' title="bbox 212 5168 1839 5248; baseline -0.008 -14"><span class='ocrx_word' id='word_1_763' title='bbox 212 5179 297 5237; x_wconf 86' lang='lat' dir='ltr'>fuisse</span> <span class='ocrx_word' id='word_1_764' title='bbox 309 5179 428 5234; x_wconf 90' lang='lat' dir='ltr'>locutum</span> <span class='ocrx_word' id='word_1_765' title='bbox 443 5194 450 5231; x_wconf 81' lang='lat' dir='ltr'><strong><em>z</em></strong></span> <span class='ocrx_word' id='word_1_766' title='bbox 465 5183 555 5246; x_wconf 75' lang='lat' dir='ltr'>atque,</span> <span class='ocrx_word' id='word_1_767' title='bbox 569 5178 640 5246; x_wconf 86' lang='lat' dir='ltr'>quod</span> <span class='ocrx_word' id='word_1_768' title='bbox 655 5190 709 5232; x_wconf 92' lang='lat' dir='ltr'>non</span> <span class='ocrx_word' id='word_1_769' title='bbox 728 5177 819 5233; x_wconf 92' lang='lat' dir='ltr'>minus</span> <span class='ocrx_word' id='word_1_770' title='bbox 840 5178 1000 5248; x_wconf 88' lang='lat' dir='ltr'>stupendum</span> <span class='ocrx_word' id='word_1_771' title='bbox 1052 5169 1244 5241; x_wconf 84' lang='lat' dir='ltr'>proculdubio</span> <span class='ocrx_word' id='word_1_772' title='bbox 1266 5172 1380 5226; x_wconf 89' lang='lat' dir='ltr'>thronus</span> <span class='ocrx_word' id='word_1_773' title='bbox 1400 5171 1460 5237; x_wconf 83' lang='lat' dir='ltr'>bei,</span> <span class='ocrx_word' id='word_1_774' title='bbox 1486 5170 1636 5227; x_wconf 86' lang='lat' dir='ltr'>sacrarium</span> <span class='ocrx_word' id='word_1_775' title='bbox 1657 5177 1699 5226; x_wconf 89' lang='lat' dir='ltr'>est</span> <span class='ocrx_word' id='word_1_776' title='bbox 1723 5168 1839 5240; x_wconf 85' lang='lat' dir='ltr'>Spiritus</span> 
     </span>
     <span class='ocr_line' id='line_1_56' title="bbox 213 5260 1839 5340; baseline 0 -18"><span class='ocrx_word' id='word_1_777' title='bbox 213 5278 266 5333; x_wconf 89' lang='lat' dir='ltr'>est,</span> <span class='ocrx_word' id='word_1_778' title='bbox 277 5285 337 5325; x_wconf 88' lang='lat' dir='ltr'>cum</span> <span class='ocrx_word' id='word_1_779' title='bbox 348 5269 404 5340; x_wconf 81' lang='lat' dir='ltr'>jam</span> <span class='ocrx_word' id='word_1_780' title='bbox 417 5281 465 5322; x_wconf 91' lang='lat' dir='ltr'>eor</span> <span class='ocrx_word' id='word_1_781' title='bbox 476 5264 535 5335; x_wconf 85' lang='lat' dir='ltr'>ejus</span> <span class='ocrx_word' id='word_1_782' title='bbox 548 5264 775 5336; x_wconf 78' lang='lat' dir='ltr'>concupiscentiae</span> <span class='ocrx_word' id='word_1_783' title='bbox 791 5265 898 5338; x_wconf 92' lang='lat' dir='ltr'>ignibus</span> <span class='ocrx_word' id='word_1_784' title='bbox 911 5281 1002 5322; x_wconf 86' lang='lat' dir='ltr'>urere·</span> <span class='ocrx_word' id='word_1_785' title='bbox 1054 5260 1151 5325; x_wconf 67' lang='lat' dir='ltr'>meli·</span> <span class='ocrx_word' id='word_1_786' title='bbox 1164 5261 1337 5332; x_wconf 70' lang='lat' dir='ltr'>omniumque</span> <span class='ocrx_word' id='word_1_787' title='bbox 1349 5262 1499 5318; x_wconf 78' lang='lat' dir='ltr'>coelesfittm</span> <span class='ocrx_word' id='word_1_788' title='bbox 1510 5261 1705 5318; x_wconf 70' lang='lat' dir='ltr'>charismatum</span> <span class='ocrx_word' id='word_1_789' title='bbox 1717 5266 1839 5330; x_wconf 61' lang='lat' dir='ltr'>tortitia·</span> 
     </span>
     <span class='ocr_line' id='line_1_57' title="bbox 213 5346 1840 5431; baseline -0.006 -21"><span class='ocrx_word' id='word_1_790' title='bbox 213 5366 271 5417; x_wconf 78' lang='lat' dir='ltr'>tur,</span> <span class='ocrx_word' id='word_1_791' title='bbox 294 5360 364 5414; x_wconf 84' lang='lat' dir='ltr'>Deus</span> <span class='ocrx_word' id='word_1_792' title='bbox 387 5358 437 5413; x_wconf 87' lang='lat' dir='ltr'>sibi</span> <span class='ocrx_word' id='word_1_793' title='bbox 463 5354 639 5413; x_wconf 86' lang='lat' dir='ltr'>nihilominus</span> <span class='ocrx_word' id='word_1_794' title='bbox 663 5370 712 5426; x_wconf 90' lang='lat' dir='ltr'>per</span> <span class='ocrx_word' id='word_1_795' title='bbox 737 5357 826 5421; x_wconf 89' lang='lat' dir='ltr'>diem,</span> <span class='ocrx_word' id='word_1_796' title='bbox 849 5361 931 5426; x_wconf 87' lang='lat' dir='ltr'>atque</span> <span class='ocrx_word' id='word_1_797' title='bbox 954 5368 1002 5426; x_wconf 93' lang='lat' dir='ltr'>per</span> <span class='ocrx_word' id='word_1_798' title='bbox 1054 5352 1156 5417; x_wconf 90' lang='lat' dir='ltr'>culum,</span> <span class='ocrx_word' id='word_1_799' title='bbox 1172 5351 1236 5407; x_wconf 90' lang='lat' dir='ltr'>illud</span> <span class='ocrx_word' id='word_1_800' title='bbox 1257 5353 1352 5431; x_wconf 78' lang='lat' dir='ltr'>gratiae</span> <span class='ocrx_word' id='word_1_801' title='bbox 1365 5361 1564 5409; x_wconf 89' lang='lat' dir='ltr'>sacramentum</span> <span class='ocrx_word' id='word_1_802' title='bbox 1583 5360 1611 5408; x_wconf 90' lang='lat' dir='ltr'>et</span> <span class='ocrx_word' id='word_1_803' title='bbox 1629 5351 1754 5423; x_wconf 73' lang='lat' dir='ltr'>indignus</span> <span class='ocrx_word' id='word_1_804' title='bbox 1769 5346 1840 5404; x_wconf 89' lang='lat' dir='ltr'>acei-</span> 
     </span>
     <span class='ocr_line' id='line_1_58' title="bbox 214 5439 1838 5521; baseline 0.002 -18"><span class='ocrx_word' id='word_1_805' title='bbox 214 5458 320 5504; x_wconf 89' lang='lat' dir='ltr'>noetem</span> <span class='ocrx_word' id='word_1_806' title='bbox 343 5449 536 5521; x_wconf 76' lang='lat' dir='ltr'>loeutusguasi</span> <span class='ocrx_word' id='word_1_807' title='bbox 553 5447 723 5504; x_wconf 77' lang='lat' dir='ltr'>familiariter</span> <span class='ocrx_word' id='word_1_808' title='bbox 741 5447 887 5503; x_wconf 82' lang='lat' dir='ltr'>invenitur.</span> <span class='ocrx_word' id='word_1_809' title='bbox 908 5448 941 5503; x_wconf 83' lang='lat' dir='ltr'>Et</span> <span class='ocrx_word' id='word_1_810' title='bbox 967 5462 1002 5503; x_wconf 90' lang='lat' dir='ltr'>ne</span> <span class='ocrx_word' id='word_1_811' title='bbox 1054 5442 1121 5513; x_wconf 87' lang='lat' dir='ltr'>piat,</span> <span class='ocrx_word' id='word_1_812' title='bbox 1137 5440 1182 5497; x_wconf 74' lang='grc' dir='ltr'>ιιιί</span> <span class='ocrx_word' id='word_1_813' title='bbox 1202 5442 1457 5514; x_wconf 61' lang='grc' dir='ltr'>Ρθιῑιιῑθιιῑὶοῐιθιῦ.</span> <span class='ocrx_word' id='word_1_814' title='bbox 1480 5442 1523 5498; x_wconf 71' lang='lat' dir='ltr'>fel</span> <span class='ocrx_word' id='word_1_815' title='bbox 1544 5443 1607 5498; x_wconf 57' lang='grc' dir='ltr'>ιῑῑὲ</span> <span class='ocrx_word' id='word_1_816' title='bbox 1631 5439 1757 5496; x_wconf 65' lang='lat' dir='ltr'>melfium</span> <span class='ocrx_word' id='word_1_817' title='bbox 1783 5451 1838 5492; x_wconf 73' lang='lat'>‘¹⁰¹¹</span> 
     </span>
     <span class='ocr_line' id='line_1_59' title="bbox 213 5524 1839 5607; baseline -0.01 -14"><span class='ocrx_word' id='word_1_818' title='bbox 213 5538 338 5594; x_wconf 82' lang='lat' dir='ltr'>brrtassis</span> <span class='ocrx_word' id='word_1_819' title='bbox 357 5538 458 5595; x_wconf 89' lang='lat' dir='ltr'>ideirco</span> <span class='ocrx_word' id='word_1_820' title='bbox 476 5538 605 5607; x_wconf 88' lang='lat' dir='ltr'>Spiritum</span> <span class='ocrx_word' id='word_1_821' title='bbox 623 5545 745 5594; x_wconf 88' lang='lat' dir='ltr'>sanetum</span> <span class='ocrx_word' id='word_1_822' title='bbox 766 5533 856 5592; x_wconf 83' lang='lat' dir='ltr'>minus</span> <span class='ocrx_word' id='word_1_823' title='bbox 874 5535 1002 5593; x_wconf 86' lang='lat' dir='ltr'>habuisse</span> <span class='ocrx_word' id='word_1_824' title='bbox 1055 5533 1223 5591; x_wconf 88' lang='lat' dir='ltr'>concordat:</span> <span class='ocrx_word' id='word_1_825' title='bbox 1241 5531 1379 5601; x_wconf 87' lang='lat' dir='ltr'>nimirum,</span> <span class='ocrx_word' id='word_1_826' title='bbox 1395 5532 1459 5604; x_wconf 85' lang='lat' dir='ltr'>quia</span> <span class='ocrx_word' id='word_1_827' title='bbox 1478 5546 1531 5587; x_wconf 91' lang='lat' dir='ltr'>non</span> <span class='ocrx_word' id='word_1_828' title='bbox 1546 5530 1636 5588; x_wconf 87' lang='lat' dir='ltr'>dantis</span> <span class='ocrx_word' id='word_1_829' title='bbox 1657 5526 1783 5594; x_wconf 72' lang='lat' dir='ltr'>homnis,</span> <span class='ocrx_word' id='word_1_830' title='bbox 1797 5524 1839 5581; x_wconf 85' lang='lat' dir='ltr'>rel</span> 
     </span>
    </p>
   </div>
   <div class='ocr_carea' id='block_1_4' title="bbox 0 0 2014 6192">
    <p class='ocr_par' dir='ltr' id='par_1_4' title="bbox 0 0 2014 6192">
     <span class='ocr_line' id='line_1_60' title="bbox 0 0 2014 6192; baseline 0 0"><span class='ocrx_word' id='word_1_831' title='bbox 0 0 2014 6192; x_wconf 95' lang='lat' dir='ltr'> </span> 
     </span>
    </p>
   </div>
  </div>
 </body>
</html>
