4017 6192
226 401 278 461 tit
777 403 900 463 OPUSC.
920 403 1009 459 tt-
1024 404 1069 465 DE
1086 404 1326 467 uuesnostna.
1805 409 1861 469 stt

228 524 314 569 totum
334 512 464 568 mnndum
479 510 588 569 inerant
599 513 674 570 velut
687 514 715 569 in
733 515 804 571 bella
820 517 975 587 congressi,
990 515 1019 570 in
1034 522 1057 581 Α
1071 515 1213 586 corripuit,
1227 525 1255 575 et
1269 531 1318 588 per
1329 520 1444 587 plateam
1455 517 1490 574 ad
1501 517 1596 574 matris
1614 515 1742 587 iniuriam
1754 526 1855 588 sparsit

228 603 307 673 lrvrjns
320 602 415 675 gratiae
428 603 517 659 studio
529 602 797 672 leganturesstitisse
809 600 1019 659 sollicitiiNam
1069 606 1161 665 dicens
1178 623 1184 660 :
1200 606 1265 661 iilud
1286 623 1340 662 raon
1363 607 1461 664 debere
1480 608 1585 665 consedi
1616 623 1728 679 prorsus
1747 624 1763 663 n
1781 606 1861 663 Cbri·

226 696 250 749 si
265 694 358 748 liceret
376 693 447 757 aliis,
460 693 499 747 illi
517 694 669 765 potuissent
683 710 735 750 non
751 694 973 751 inconvenienter
984 692 1019 749 ab
1069 702 1169 765 stinno,
1182 701 1253 771 quod
1266 716 1314 771 per
1325 700 1468 756 avaritiam
1482 709 1610 772 negatum
1621 714 1664 755 est
1676 700 1795 757 cbristo.
1807 701 1860 759 Sed

227 786 278 840 bac
288 783 468 839 sollicitudine
479 784 572 840 seriari
586 803 592 838 :
605 786 650 855 qni
664 772 793 840 nimirum
804 794 831 840 ct
842 785 876 840 ad
887 800 1019 856 spargen·
1069 790 1148 860 paulo
1162 800 1222 861 post
1235 793 1304 848 diem
1322 806 1380 854 vas,
1395 791 1466 863 qnod
1482 799 1638 861 reposuerat
1650 806 1777 856 vamensi,
1806 807 1858 847 non

226 877 290 930 dum
306 890 383 930 norae
400 874 462 930 bdei
481 890 573 930 senten
592 877 699 943 intenti,
715 886 742 933 et
765 878 792 932 iu
814 889 870 933 tam
885 878 1020 933 acerrimo
1068 884 1128 939 sine
1142 894 1250 954 stupore
1262 884 1394 950 miraculi,
1409 884 1465 940 sale
1480 872 1616 953 repertum
1632 891 1674 939 est
1688 883 1806 954 menum.

226 978 322 1023 eontra
341 968 434 1023 mundi
450 968 591 1038 perddiam
613 969 772 1025 laborabant
791 970 939 1026 certamine
956 984 1020 1024 oon·
1105 975 1267 1031 liainlredus
1285 991 1392 1047 quoque
1417 977 1548 1040 mnrcbio,
1565 976 1611 1045 qui
1626 976 1653 1031 in
1666 975 1768 1032 ultimis
1781 975 1861 1048 Lign-

225 1059 326 1112 stiruti.
343 1057 397 1115 Sed
411 1059 500 1113 nullus
513 1061 712 1130 persecutionis
730 1060 807 1116 labor
821 1063 856 1118 ab
866 1062 1021 1121 exlrlltentla
1070 1069 1117 1125 rice
1129 1070 1296 1140 principatus
1309 1078 1352 1125 est
1369 1069 1479 1133 finibus,
1489 1067 1762 1124 ferventissimocum
1776 1082 1862 1123 uroro

225 1147 356 1203 [milibus
369 1147 539 1204 1111111111Ῑιιιιθ
554 1165 742 1221 wiltescire,
762 1151 834 1205 1111111
850 1151 1020 1222 Ριέιιῑιιῑῑθ·
1069 1177 1118 1217 ιιι
1141 1163 1232 1217 studio
1262 1163 1288 1216 in
1312 1162 1511 1217 sustentatione
1529 1175 1678 1233 pauperum
1693 1159 1812 1216 claruit:
1828 1158 1863 1214 do

226 1238 269 1292 nis
278 1239 405 1294 instantia
415 1242 557 1310 potniteos
568 1242 602 1297 ab
612 1243 791 1312 impendenda
799 1243 963 1313 pauperibus
971 1243 1020 1295 mi·
1069 1266 1123 1321 qno
1139 1252 1265 1307 nindrum
1280 1253 1290 1322 (
1305 1261 1335 1305 ιιι
1346 1262 1444 1307 caetera
1458 1251 1573 1313 taceam)
1587 1250 1651 1306 illrrd
1668 1265 1751 1305 unum
1762 1248 1862 1305 celebri
1981 1290 1983 1295 .

225 1329 371 1386 sericordia
384 1330 521 1387 cohibere.
538 1331 615 1388 ilnde
629 1332 729 1389 Paulus
748 1334 782 1389 ed
800 1332 931 1389 Galatas:
946 1353 955 1385 ι
968 1332 1021 1388 Pe·
1069 1337 1138 1393 solet
1153 1337 1273 1393 redolere
1289 1336 1419 1391 memoria
1438 1353 1445 1390 :
1468 1351 1596 1407 qrrmnam
1609 1335 1706 1405 inipso
1719 1349 1862 1391 sacrosan·

226 1428 296 1485 trus,
313 1421 412 1491 inquit,
425 1432 454 1478 et
466 1422 593 1490 lacobus,
610 1432 637 1479 et
650 1424 779 1492 loannes,
796 1426 842 1494 qni
857 1424 1019 1480 ridebantur
1070 1441 1123 1487 etse
1136 1429 1353 1485 Resurrectinnis
1377 1429 1422 1483 die
1442 1443 1504 1483 cum
1529 1429 1626 1485 domus
1648 1426 1708 1495 ejus
1724 1426 1818 1483 adacte
1830 1443 1863 1485 ae

225 1513 356 1570 oriumnae
379 1530 450 1583 esse,
472 1517 583 1573 dextras
602 1515 736 1577 dederunt
750 1517 817 1572 mibi
828 1558 835 1582 ,
848 1526 876 1572 et
887 1514 1021 1572 nar-mna
1069 1519 1199 1579 blathinis
1211 1521 1352 1577 ornatibus
1363 1529 1492 1589 tartqnam
1501 1518 1589 1590 regale
1599 1517 1730 1587 palatium
1742 1518 1863 1588 resplen.

225 1601 382 1669 soeietatis,
393 1615 423 1658 nt
436 1618 485 1659 nos
499 1603 747 1676 evangelizaremus
761 1604 788 1660 in
800 1605 926 1676 gentibus
941 1622 948 1659 ι
967 1603 1019 1678 ipsi
1070 1612 1167 1676 (pren,
1182 1611 1284 1681 copiosi
1297 1617 1420 1679 sumptus
1433 1607 1591 1672 affluerent,
1606 1621 1723 1676 euinque
1736 1621 1789 1661 non
1804 1621 1863 1663 mo-

210 1678 318 1752 'numm
331 1693 357 1748 5¹¹
369 1693 587 1761 circumcisione.
599 1704 705 1751 matum
721 1705 871 1766 “loretum
883 1709 1019 1749 memoret
1069 1692 1130 1757 dica
1142 1700 1347 1757 candidatorum
1370 1698 1449 1755 turba
1467 1696 1607 1753 clientium
1629 1695 1808 1766 constiparet,
1821 1697 1863 1751 in·

224 1796 367 1838 emersam:
385 1785 456 1855 qnod
481 1785 563 1845 etiam
585 1785 718 1842 sollicitus
738 1783 777 1843 ini
800 1786 852 1841 boc
872 1784 959 1855 ipsum
979 1783 1020 1839 ia·
1069 1791 1141 1849 strui
1162 1791 1304 1863 nragnibce
1323 1790 1475 1846 convivium
1500 1787 1577 1854 iecit,
1603 1797 1631 1844 et
1656 1788 1790 1845 ordinatis
1814 1803 1864 1861 per

224 1889 286 1929 ⁰0³⁰
303 1871 403 1946 (uana
415 1860 457 1947 ¹¹l·
474 1896 484 1930 1
502 1877 544 1934 Ad
560 1875 715 1935 Gonnum
728 1892 836 1948 t¹¹0tt¹¹e
849 1876 933 1933 dicit:
947 1894 957 1928 1
974 1876 1013 1932 De
1028 1870 1051 1931 Β
1064 1896 1161 1941 omnes
1180 1895 1291 1939 mensas
1304 1878 1429 1951 diligenti
1450 1893 1516 1935 eura
1539 1876 1717 1948 pauperibus,
1730 1877 1789 1949 ipse
1800 1892 1862 1934 cum

223 1964 346 2022 collectis
359 1977 460 2035 autem,
483 1984 544 2040 quae
565 1968 632 2025 liunt
644 1969 673 2024 ira
687 1979 798 2026 sanctos
810 1970 880 2025 sicut
892 1967 1016 2024 ordinavi
1066 1973 1127 2029 suis
1141 1971 1229 2029 serris
1247 1970 1354 2045 dapifer
1366 1971 1533 2027 ministrarit
1550 1987 1557 2024 r
1575 1969 1675 2040 onibus
1698 1966 1863 2025 sufficienter

224 2055 353 2119 liceleriia
366 2056 488 2126 Galatiae,
497 2060 534 2114 ita
545 2068 573 2117 ct
583 2073 633 2121 ros
643 2059 725 2117 tacite
734 2075 783 2132 per
793 2075 874 2117 unam
885 2057 1015 2115 sabbati:
1067 2065 1194 2137 impletis,
1211 2065 1269 2136 ipsc
1279 2078 1342 2120 cum
1352 2064 1410 2123 auis
1421 2063 1493 2134 ouod
1506 2062 1598 2119 cibum
1609 2061 1748 2117 resldrmm
1762 2058 1862 2127 iuerat,

224 2148 407 2220 aromataque
418 2158 538 2211 vestrum
550 2150 621 2221 apud
635 2165 664 2208 se
674 2160 768 2221 ponat,
783 2149 934 2207 recondens
944 2148 1017 2221 quod
1066 2155 1143 2225 qnasi
1154 2154 1278 2227 privatur
1289 2154 1413 2224 accepit:
1428 2162 1460 2213 ut
1474 2150 1615 2209 Pascbalia
1636 2150 1682 2208 illa
1704 2149 1863 2208 mlemmtm

223 2238 247 2292 ci
257 2238 326 2295 bene
340 2238 482 2310 placuerit,
505 2257 568 2299 eum
589 2252 679 2301 autern
703 2259 824 2316 praesens
839 2243 927 2312 luero,
949 2259 1018 2315 onos
1067 2245 1094 2303 in
1108 2244 1273 2315 pauperibus
1286 2244 1461 2309 enitesceret,
1488 2240 1714 2315 patremfamilias
1736 2256 1802 2299 vero
1815 2239 1863 2297 do·

223 2325 404 2395 lrobareritis
419 2346 468 2401 per
481 2331 620 2401 epistolas.
630 2332 681 2390 bos
700 2335 806 2395 mittam
819 2333 940 2406 perterre
951 2350 1016 2408 gra·
1067 2349 1128 2393 mus
1149 2334 1253 2404 privata
1273 2330 1386 2389 relectio
1400 2339 1575 2399 nistentaret.
1593 2331 1634 2387 lie
1645 2345 1701 2401 quo
1719 2329 1802 2387 etiam
1818 2329 1863 2385 ιιι

223 2419 287 2473 tiam
315 2419 396 2476 istam
421 2421 609 2480 irrierusalem
629 2423 656 2496 (i
680 2423 743 2481 Cor.
764 2425 832 2498 xer).
852 2424 1017 2496 »Tantaque
1067 2425 1127 2492 nei,
1157 2424 1288 2481 domim
1315 2439 1391 2480 meus
1409 2421 1465 2479 Leo
1487 2422 1650 2485 venerabilis
1670 2422 1799 2487 eremita,
1815 2421 1862 2492 qul

220 2506 313 2564 inerat
326 2525 390 2581 erga
414 2527 548 2584 pauperes
569 2515 597 2570 in
616 2517 746 2586 apostolis
765 2516 924 2582 liberalitas,
943 2518 1017 2575 utin
1066 2531 1116 2585 per
1140 2514 1296 2573 eonbnuum
1322 2513 1381 2586 jam
1407 2511 1466 2569 lere
1492 2512 1646 2568 ricenniurn
1662 2512 1690 2567 in
1707 2511 1802 2567 cellula
1816 2526 1861 2565 re·

222 2611 316 2655 eornm
329 2597 443 2657 Actibus
453 2602 558 2673 legatur
571 2623 579 2659 ι
594 2623 604 2657 ι
617 2604 668 2672 Qui
682 2606 842 2678 surrigebant
853 2606 935 2683 2oe
943 2608 1017 2665 circa
1067 2606 1159 2663 clusin
1178 2604 1291 2671 audivit,
1315 2605 1368 2662 boe
1391 2603 1497 2675 insigne
1510 2602 1648 2673 perbibuit
1662 2618 1670 2656 r
1682 2601 1746 2672 qnia
1758 2616 1819 2656 cum
1832 2601 1861 2655 in

222 2687 316 2745 domos
326 2705 420 2760 panes,
432 2702 460 2748 et
469 2694 611 2751 sumebant
624 2697 714 2753 cibum
726 2712 786 2753 euna
797 2698 978 2755 exsrdtatione
989 2707 1020 2757 et
1068 2697 1173 2768 praelati
1188 2695 1356 2754 marchionis
1377 2710 1471 2751 eremo
1487 2694 1545 2765 ipse
1557 2692 1638 2767 207
1650 2709 1712 2749 eum
1725 2692 1862 2753 nonnullis

221 2779 397 2850 simplicitate
406 2784 497 2841 cordis
508 2785 695 2843 collaudantes
710 2788 854 2844 Dominum
868 2788 938 2860 (det.
956 2789 1014 2860 ni.»
1067 2788 1197 2847 iratribus
1207 2786 1354 2852 babitaret,
1366 2785 1438 2841 banc
1445 2784 1555 2840 sibimet
1569 2784 1657 2854 legem
1666 2798 1736 2839 tuor
1749 2780 1808 2851 cius
1820 2783 1863 2838 in·

222 2867 300 2925 Circa
315 2870 421 2940 domos,
440 2873 538 2945 inquit,
552 2891 606 2933 non
620 2877 691 2932 intra
702 2878 814 2943 domos;
829 2893 944 2948 qnorum
961 2879 1016 2934 sci·
1068 2878 1183 2943 dixerat,
1202 2884 1231 2931 ut
1254 2875 1435 2946 quodcunque
1458 2871 1510 2929 sibi
1525 2873 1711 2929 necessarium
1735 2871 1862 2927 eremita·

222 2958 288 3015 licet
299 2962 412 3032 vestigia
432 2980 485 3020 non
500 2976 666 3038 sequuntur,
685 2968 731 3039 qni
755 2969 881 3039 pransuri
896 2968 1017 3038 pessulos
1069 2984 1130 3025 rum
1154 2967 1266 3023 nuntius
1279 2973 1395 3038 peteres
1411 2965 1467 3037 ipsa
1490 2963 1613 3033 protinus
1623 2973 1703 3018 aucto
1712 2961 1806 3017 ienore
1815 2976 1862 3033 go-

222 3066 257 3107 ac
278 3056 404 3126 repagula
429 3055 533 3115 loribus
550 3057 649 3117 clausis
665 3058 808 3129 objiciunt,
833 3070 925 3118 vectes
947 3061 1017 3117 seris
1068 3059 1184 3115 minaret
1201 3056 1348 3113 :videlicet
1365 3071 1427 3112 cum
1450 3055 1501 3110 iste
1524 3053 1644 3123 quinque
1664 3051 1788 3109 fortassis
1804 3053 1862 3107 eri·

223 3141 366 3201 innectunt
381 3165 388 3201 :
403 3147 496 3221 sieque
517 3164 546 3204 se
561 3159 654 3205 eontra
669 3166 802 3223 pauperes
818 3161 945 3222 unquam
965 3153 1016 3209 ad-
1067 3159 1145 3219 geret
1157 3148 1268 3213 solidos,
1292 3147 1338 3204 ilia
1353 3147 1446 3202 decem
1466 3145 1583 3201 traderet
1600 3162 1607 3198 ε
1622 3159 1683 3200 cum
1695 3143 1746 3200 iste
1756 3143 1859 3208 decem,

221 3246 319 3290 rersns
332 3235 510 3293 circumfusas
525 3239 644 3300 bostium
660 3240 731 3297 acies
748 3242 776 3299 iu
796 3241 935 3299 obsidione
951 3224 1054 3314 praec
1071 3242 1115 3299 illa
1126 3241 1219 3312 viginti
1231 3239 1360 3296 continno
1373 3246 1538 3295 nvrrreraret.
1554 3234 1607 3292 Sed
1617 3238 1746 3306 nnorriam
1760 3234 1860 3291 obiitus

223 3325 361 3382 millium·
1068 3348 1141 3400 sum,
1155 3332 1248 3388 dubito
1262 3341 1348 3396 certe,
1363 3345 1397 3385 an
1413 3331 1465 3386 boe
1478 3329 1577 3399 ipsnm,
1590 3336 1616 3381 et
1631 3328 1694 3385 alibi
1708 3325 1779 3385 lorte
1791 3342 1859 3383 con·

534 3419 650 3478 CAPUT
670 3423 703 3478 v.
1067 3422 1233 3493 scripserim.
1250 3420 1443 3477 Verumtamen
1456 3420 1528 3490 quod
1540 3419 1726 3479 aedificationis
1737 3427 1791 3486 est,
1803 3432 1859 3475 me·

259 3502 336 3570 utor
351 3518 489 3577 pareatum
505 3508 673 3581 eleemosynis
687 3510 802 3580 filioram
822 3529 861 3571 rea
876 3522 978 3568 crescat.
1066 3512 1170 3570 liuscst
1180 3512 1357 3568 relationibus
1370 3510 1474 3578 iterari,
1485 3526 1566 3582 quarn
1580 3526 1629 3580 per
1640 3509 1776 3567 ιιιιιιιιιιιι
1788 3507 1858 3565 obii·

258 3591 395 3652 Gerardus
418 3607 492 3652 certe
509 3598 543 3655 de
563 3598 707 3666 Farvaido,
731 3616 764 3656 ex
787 3601 923 3659 liaveunae
938 3604 1015 3659 urbis
1066 3604 1252 3661 vionedeleri.
1268 3602 1334 3659 Cum
1352 3602 1444 3674 itaque
1467 3611 1522 3656 tam
1542 3599 1634 3672 largus
1654 3601 1688 3657 ari
1706 3600 1859 3671 erogandas

221 3684 389 3753 primoribus
411 3685 472 3755 luit,
487 3704 567 3759 quem
581 3693 730 3763 grandevae
749 3691 805 3761 lam
822 3703 851 3750 et
872 3695 1015 3766 persenilis
1066 3696 1249 3768 indigentibus
1264 3697 1349 3766 stipes
1360 3694 1507 3761 exstiterit,
1519 3709 1581 3750 curn
1594 3707 1653 3760 sex,
1669 3694 1728 3749 sive
1743 3701 1859 3762 septem,

220 3777 310 3832 atatis
331 3778 396 3832 oiim
411 3779 541 3848 puerulus
563 3782 617 3837 ridi
631 3800 638 3836 z
653 3782 687 3837 dc
701 3799 755 3854 quo
769 3785 895 3840 nimirum
919 3786 1014 3843 reterri
1065 3790 1086 3846 si
1102 3790 1152 3847 rite
1164 3798 1255 3854 teneo,
1268 3803 1322 3843 non
1336 3787 1447 3843 minima
1460 3785 1624 3841 monasteria
1638 3785 1665 3841 in
1678 3784 1779 3854 proprii
1788 3781 1859 3850 jnria

220 3864 380 3937 frequenter
392 3868 481 3926 andivi
500 3888 507 3923 :
522 3871 585 3941 quia
598 3887 659 3929 eum
672 3873 816 3944 aliqnando
829 3875 945 3946 populus
956 3877 1015 3931 ino·
1065 3878 1234 3951 possessione
1248 3875 1409 3939 condiderit,
1424 3874 1533 3946 prediis
1552 3882 1580 3929 et
1605 3872 1775 3931 ornamentis
1796 3886 1856 3926 nm·

219 3957 264 4027 pia
285 3957 431 4026 laboraret,
447 3960 515 4017 adeo
527 3970 557 4017 ut
573 3963 810 4022 nonnullosetiam
825 3967 914 4021 valida
927 3965 1014 4023 lames
1064 3969 1143 4029 niuea
1166 3966 1330 4024 liberalitate
1347 3964 1485 4031 ditaverit,
1499 3963 1619 4033 nunquid
1642 3972 1785 4033 propterea
1804 3961 1856 4018 sibi

220 4040 417 4123 exstingueret,
431 4051 477 4107 ille
493 4067 554 4108 eum
565 4069 724 4113 successura
739 4057 790 4112 sibi
807 4067 933 4129 nepotum
944 4074 1014 4130 quo-
1062 4059 1207 4133 progenies
1223 4072 1308 4130 egena
1327 4054 1501 4113 succeditur?
1521 4054 1611 4112 Absit.
1635 4053 1764 4109 Videmus
1783 4053 1855 4109 enim

219 4156 273 4210 qrre
285 4141 341 4209 iam
353 4143 460 4200 soboles
472 4161 525 4200 non
539 4146 664 4214 deesset,
682 4148 780 4205 accisis
796 4148 918 4222 lrugibus
929 4152 1012 4206 etiam
1062 4162 1174 4220 rtepotes
1194 4147 1253 4219 eins
1272 4146 1402 4203 miranda
1418 4144 1523 4201 scilicet
1539 4143 1637 4200 indolis
1654 4157 1752 4215 pueros
1770 4142 1856 4199 mari·

219 4233 321 4300 pradia
344 4235 474 4291 nonnulla
496 4236 635 4305 distraxit,
649 4246 676 4295 ct
691 4239 818 4295 alimenta
833 4256 895 4312 quoe
913 4241 1011 4312 potnit,
1063 4255 1135 4295 ruam
1161 4247 1268 4310 partem
1293 4237 1377 4295 etiam
1401 4235 1478 4306 regni
1505 4234 1668 4306 Bnrgundiae
1692 4233 1854 4305 possidere:

221 4323 403 4394 indigentibus
424 4328 547 4397 erogavit
564 4343 572 4382 :
590 4329 646 4400 ipse
659 4345 767 4400 ottoque
780 4342 843 4387 tunc
857 4333 1012 4403 patentibus
1062 4345 1177 4401 quorum
1199 4330 1310 4400 insuper
1336 4342 1414 4385 soror
1440 4325 1598 4396 imperatori
1620 4333 1713 4383 nostro
1736 4322 1857 4395 sponsali

220 4414 326 4471 loribus
338 4432 486 4488 pauperum
498 4418 612 4477 saltarus
629 4422 736 4490 agmine
747 4423 915 4490 comedebat,
930 4424 1011 4481 cibis·
1060 4422 1233 4492 cognoscitur
1242 4419 1305 4489 jnre
1317 4418 1420 4473 dotata.
1434 4416 1489 4474 Gur
1506 4431 1571 4487 ergo
1584 4415 1709 4473 timemus
1726 4415 1780 4475 lieo
1793 4415 1856 4471 rotl-

219 4522 273 4577 qne
283 4510 450 4580 consumptis
464 4510 552 4567 adbuc
563 4512 698 4579 esuriens,
715 4528 776 4587 cum
787 4513 829 4569 vel
841 4514 904 4580 sibi,
920 4514 960 4570 rel
975 4514 1009 4570 il·
1062 4516 1158 4571 bibere
1174 4514 1247 4586 quod
1261 4511 1393 4577 contulit,
1407 4511 1478 4581 quod
1491 4520 1520 4567 et
1533 4510 1560 4566 iu
1573 4510 1625 4567 bae
1638 4510 1694 4573 vita
1708 4508 1797 4575 nobis,
1812 4510 1854 4565 rei

220 4599 254 4656 lis
267 4601 332 4670 quid
348 4602 459 4659 adderet
488 4619 541 4660 non
561 4604 684 4669 haberet,
704 4620 798 4663 eorum
822 4606 1011 4676 compassione
1028 4576 1163 4662 ¹>amnis
1177 4604 1330 4661 beredilrus
1342 4602 1505 4667 restituitur,
1516 4600 1639 4657 etinilia
1649 4599 1769 4659 coetesns
1779 4601 1855 4671 regni

221 4688 375 4762 lacrymans
399 4691 482 4753 itebat
510 4695 620 4767 :cujus
644 4696 777 4767 neumae
802 4699 944 4769 progenies
966 4699 1011 4754 dt-
1060 4695 1147 4768 gloria
1177 4695 1228 4750 sub
1259 4692 1355 4749 tenore
1375 4690 1559 4761 multiplicatas
1589 4688 1777 4749 manationis
1806 4705 1855 4747 arr·

220 4780 294 4835 rdiis
310 4778 399 4847 lloret,
423 4793 451 4838 et
471 4783 560 4854 plura,
577 4801 658 4856 quarn
680 4788 750 4842 avita
765 4786 866 4843 inerint
880 4790 1011 4858 patrimo-
1060 4785 1159 4857 geturt

220 4868 276 4934 nia,
288 4870 418 4938 possidet.
1366 4872 1484 4931 CAPUT
1502 4870 1546 4929 Vl.

256 4959 426 5019 waldericus
439 4975 582 5037 praeterea,
595 4969 641 5039 qni
654 4969 717 5026 dnm
731 4970 1012 5030 adversosberettmr
1062 4967 1140 5037 (Md
1152 4966 1282 5029 ⁶⁰⁸⁰f⁸l¹l
1292 4967 1477 5050 mimmii&
1488 4967 1623 5041 “W
1638 4981 1673 5025 ‘³
1690 4964 1854 5037 W

219 5049 373 5119 dimicaret,
382 5054 496 5127 insignis
505 5056 618 5116 ellectus
627 5070 670 5117 est
679 5071 794 5134 maner,
808 5063 1010 5122 steatandrcas
1401 5048 1522 5140 mm.

220 5142 382 5200 venerabilis
396 5145 548 5215 spoletanae
566 5148 694 5208 Ecclesia
713 5153 794 5211 nobis
804 5154 948 5227 episcopua
967 5170 1012 5212 ro-
1096 5146 1154 5205 fl⁰0
1166 5146 1249 5203 illim
1261 5160 1342 5205 ΜΝ
1355 5161 1445 5219 θιθῐθ
1462 5148 1580 5221 pretium
1594 5147 1705 5218 (10111101
1720 5145 1793 5215 *1⁸⁰⁶
1804 5144 1853 5201 ΒΟ·

221 5227 293 5295 tulit,
308 5229 373 5285 dum
390 5233 535 5303 aliquando
547 5237 657 5295 domum
671 5242 767 5298 matris
786 5242 924 5310 inviseret,
945 5261 1014 5315 pan-
1061 5239 1158 5295 tardus
1183 5239 1315 5305 marchio,
1341 5240 1388 5312 qui
1407 5239 1496 5299 borno
1516 5238 1661 5299 dolunctna
1684 5245 1737 5303 eat,
1753 5237 1853 5300 sanim

220 5316 359 5383 porculum
373 5322 517 5391 quemdam
528 5338 585 5394 prae
601 5324 705 5385 loribus
720 5330 830 5400 reperit,
844 5331 931 5403 quise
946 5348 1013 5389 eon·
1062 5328 1216 5386 referebatr
1234 5330 1326 5387 aiebat
1336 5330 1420 5394 eoin.
1442 5330 1506 5400 quta
1527 5330 1571 5386 rir
1587 5326 1698 5398 grimm
1712 5326 1741 5383 lo
1754 5324 1853 5385 Teuto-
1886 5398 1890 5405 ι

219 5407 385 5476 atterebatur
398 5412 545 5471 berbarum
560 5415 718 5474 fasciculum
731 5420 882 5493 collegisse,
898 5423 1010 5490 sedsal,
1062 5435 1127 5475 nnm
1147 5419 1257 5486 tinibus,
1282 5419 1353 5478 ιιιιιιι
1378 5419 1502 5479 videlieet
1516 5419 1575 5490 ipse
1591 5432 1699 5489 qnoqm
1719 5417 1851 5475 oriaadur
1886 5414 1891 5467 l

219 5499 291 5554 unde
311 5500 479 5570 pulmentum
495 5507 560 5564 illud
575 5511 709 5578 condiret,
726 5513 761 5569 ab
773 5518 868 5571 eadem
885 5526 1009 5574 matrona
1061 5511 1221 5577 exstiterat,
1234 5512 1365 5581 optimum
1389 5509 1490 5582 proprii
1500 5508 1570 5580 luris
1587 5508 1718 5579 praedium
1731 5510 1851 5567 direrec-

219 5589 360 5660 percipere
379 5594 535 5653 mrtlatenns
549 5599 679 5670 potuisse.
699 5602 822 5673 eramque
834 5605 877 5661 vir
897 5616 1010 5663 mentua
1062 5614 1178 5671 rumque
1198 5611 1377 5672 proventuum
1408 5600 1494 5670 copiis
1516 5599 1658 5657 affluenter
1681 5601 1850 5659 uberrimum

220 5688 372 5736 maternum
381 5684 519 5755 ingressus
528 5687 687 5758 hospitium,
700 5691 895 5761 aliquantulum
905 5694 969 5749 salis
980 5694 1008 5750 in
1062 5690 1233 5759 possidebam
1251 5691 1368 5749 babebat
1385 5698 1476 5749 antem
1498 5690 1640 5749 duodecim
1658 5691 1728 5749 illins
1744 5708 1752 5746 ι
1768 5690 1850 5762 cepit

222 5770 332 5827 rmculo
343 5776 499 5844 reperisset,
514 5780 688 5838 veliementer
702 5781 797 5849 iratus,
813 5800 861 5840 vas
876 5801 938 5841 curn
951 5785 1009 5841 sale
1063 5782 1167 5838 interea
1189 5783 1318 5853 cogitare,
1344 5783 1410 5854 quid
1432 5792 1494 5854 post
1518 5785 1577 5857 eina
1598 5785 1702 5843 obitum
1723 5784 1810 5851 lieret,
1825 5785 1849 5844 si
