4017 6192
108 203 137 261 rs
270 182 329 192 ”
595 177 1345 269 ορυεο.1’ν.-υῐεοΕΡτΑΤΙοεγΝοοΑωε.
1469 228 1474 239 -
1613 218 1615 220 v
1810 201 1844 261 a
1946 280 1950 286 ι

107 324 185 394 luda,
198 329 227 381 et
241 322 351 383 dux'de
371 324 478 384 temore
492 326 565 398 ejus,
580 327 672 386 donec
694 328 791 386 veniat
810 326 860 402 qui
880 325 1056 385 mit-Asnm
1069 340 1120 391 vus
1131 329 1197 395 (tar.
1211 330 1309 395 xxvi).
1327 349 1338 375 ι
1356 323 1496 394 Hineest,
1508 324 1585 398 quod
1597 324 1635 383 ad
1650 324 1844 402 Heliquoque

109 411 208 471 tendus
222 418 265 469 est
280 414 354 485 (Dea.
381 417 475 477 xmxl.
491 437 504 464 n
533 414 569 472 El
584 420 677 473 tamen
705 430 759 473 nec
770 415 954 489 ,temporibus
993 431 1046 490 per
1060 416 1157 474 virum
1169 416 1220 474 Dei
1236 415 1443 474 Dominusait:
1459 438 1470 467 ι
1490 417 1624 492 Loquens
1641 417 1754 479 locutus
1768 437 1843 493 snm,

108 501 237 561 iudicum
259 501 382 575 legimus
397 503 475 561 vires
499 504 535 564 ue
559 502 635 565 tribu
651 504 727 565 iuda
738 520 851 581 semper
869 520 955 578 super
995 512 1028 564 ut
1043 505 1148 565 domus
1171 513 1230 577 tua,
1257 514 1285 564 et
1303 506 1409 566 dumus
1426 506 1517 580 patris
1538 507 1582 567 tui
1611 508 1789 570 ministraret
1814 513 1848 571 in

108 593 192 652 lsrael
204 593 332 652 tenuisse
351 594 500 667 ducatum,
515 612 568 655 uec
593 612 675 670 reges
695 612 733 655 ex
759 594 861 655 eadem
877 595 957 653 trihu
996 602 1150 667 conspectu
1169 609 1234 652 mec
1247 594 1385 667 usquein
1398 596 1617 669 sempiternum.
1635 596 1719 657 Nunc
1738 604 1846 673 autem,

108 683 299 756 principatum
318 683 447 755 tenuisse
466 700 559 758 usque
583 685 620 745 ad
637 685 746 745 Christi
767 683 955 759 reperiuntur
996 680 1066 740 dicit
1082 680 1235 750 Dominus,
1250 680 1326 738 absit
1340 681 1426 740 heca
1441 696 1497 751 me,
1511 682 1561 741 sed
1576 682 1744 758 quicunque
1756 685 1850 757 glori-

108 770 275 830 adrentum.
301 770 416 830 Constat
434 787 512 847 ergo,
538 774 609 849 quia
629 788 706 848 saepe
728 772 806 831 Deus
828 769 956 845 omnipo
997 771 1128 831 licaverit
1152 786 1208 835 me,
1230 768 1397 843 glorificabo
1422 786 1491 829 eum
1508 790 1515 831 :
1535 772 1588 847 qni
1612 780 1710 833 autem
1724 781 1849 834 conlem-

110 866 179 931 tens,
194 861 272 937 quod
287 862 400 920 homini
414 862 555 936 promisit,
568 862 718 922 imminuit
727 881 736 933 ;
752 861 892 937 quoniam
904 861 957 920 hc·
998 867 1075 921 nunt
1088 876 1144 931 me,
1159 867 1245 919 erunt
1262 859 1405 934 ignobiles
1421 865 1447 931 ll
1457 866 1524 932 deq.
1541 868 1584 932 u).
1600 886 1614 912 ι

109 964 162 1021 mo,
182 949 261 1024 quod
276 949 335 1009 Dec
350 950 499 1024 debuerat,
516 967 575 1011 noo
590 951 733 1027 implevit.
1285 962 1387 1028 Regius
1407 959 1566 1016 mesecho.
1592 975 1594 978 ’

385 1062 490 1128 Decius
503 1061 660 1133 educemur..
929 1104 938 1111 .
1035 1056 1122 1115 Recte
1144 1054 1230 1128 plane
1251 1064 1367 1128 cuncta,
1387 1046 1456 1131 quas
1470 1073 1670 1133 proposueras,
1690 1061 1851 1135 perspicuis

143 1154 317 1215 noscerem
342 1154 392 1213 um
410 1155 484 1215 neus
498 1150 631 1230 promam
648 1156 759 1215 nonum
784 1152 915 1229 nemon,
930 1159 959 1212 or
999 1144 1141 1204 roborasti
1169 1145 1343 1207 testimoniis
1370 1144 1613 1221 &domums
1643 1164 1722 1209 nuuc
1752 1156 1850 1210 aetem

109 1243 261 1304 effimciter
279 1259 338 1302 nen
353 1244 494 1319 implerit.
1000 1235 1146 1310 paulisper
1159 1237 1195 1295 ad
1208 1240 1357 1310 superiora
1370 1242 1525 1307 revertare,
1537 1238 1662 1312 etiuxta
1688 1247 1747 1300 tusc
1762 1256 1851 1315 spou-
1890 1281 1897 1290 -

328 1352 746 1419 Defeucritomeasebccteste.
1002 1323 1094 1383 sionis
1111 1324 1250 1400 elogium,
1270 1324 1306 1384 de
1329 1325 1446 1385 Domini
1474 1326 1551 1400 regis
1579 1326 1688 1401 injusta
1711 1330 1851 1389 saponem

142 1445 306 1505 Recordare
323 1446 393 1520 quia
415 1446 487 1505 dicit
507 1445 648 1506 Dominus
672 1447 709 1506 ed
730 1426 839 1506 lusiam
864 1458 961 1517 mm
1002 1413 1100 1473 redde·

110 1534 207 1595 luda:
224 1535 305 1593 «Pro
317 1550 361 1606 ec,
375 1535 481 1610 iuquit,
496 1536 572 1609 qued
582 1535 681 1595 vidisti
691 1534 780 1594 rerba
792 1532 960 1603 uoluminis,
1113 1600 1119 1613 1
1216 1508 1350 1614 ”timi
1358 1509 1485 1566 1¹th
1497 1509 1634 1569 Etim·
1774 1607 1780 1620 ο

112 1629 139 1680 et
150 1624 340 1696 perterritum
354 1630 397 1683 est
410 1640 460 1683 cor
473 1630 567 1695 mum,
581 1630 609 1682 et
627 1624 797 1684 humiliatus
823 1639 853 1682 es
867 1636 962 1682 coram
1041 1600 1172 1700 G¹9l¹⁰⁸9
1189 1619 1260 1676 lest,
1282 1604 1367 1663 110bls
1380 1603 1514 1678 eligendo
1529 1607 1704 1680 pontificem,
1720 1608 1804 1675 absit,
1821 1616 1854 1670 ut

113 1708 248 1781 Dcmirm
264 1709 370 1769 auditis
385 1710 568 1771 sermonibus
591 1719 689 1771 centra
707 1712 803 1772 locum
819 1710 921 1775 istum,
936 1673 1058 1768 ctBnos
1082 1690 1284 1788 &mittemus
1306 1691 1548 1793 imminemus
1563 1694 1599 1753 td
1626 1696 1682 1754 hoc
1698 1712 1761 1766 uos,
1779 1699 1855 1759 siem

113 1798 289 1858 habitatores
302 1801 377 1874 ejus,
400 1806 428 1859 et
444 1800 554 1860 scidisti
581 1802 755 1861 vestimenta
771 1807 829 1872 tua,
857 1806 885 1858 et
913 1798 963 1856 lle-
1005 1779 1783 1878 ⁸l¹i³⁰s¹¹1⁸d10111l110⁸bsseoessssstiffilfflifllefl'l,110ss
1809 1803 1856 1845 ra·

21 1946 22 1953 ,
115 1886 183 1945 visti
195 1901 292 1945 coram
313 1901 359 1946 me
374 1906 381 1944 :
398 1886 504 1947 idcirco
518 1888 654 1963 colligam
669 1896 697 1948 te
721 1888 757 1947 ad
772 1895 869 1962 patres
889 1894 964 1956 mos,
1005 1880 1074 1942 plna
1091 1884 1097 1923 :
1112 1866 1224 1940 adhoc,
1238 1884 1369 1942 mquam,
1387 1886 1440 1929 nos
1454 1871 1858 1936 invitcsattraxitimminens

114 1980 140 2033 ct
160 1973 310 2047 colligeris
328 1976 365 2035 ad
384 1975 551 2051 sepulcrum
573 1983 658 2037 tuum
683 1978 714 2035 in
739 1992 808 2051 paee
826 1978 877 2049 (IV
898 1979 964 2044 hep,
1006 1955 1168 2056 utriculum
1187 1956 1283 2059 civilis
1302 1956 1382 2030 belli,
1399 1975 1458 2019 nun
1481 1961 1618 2035 laedendi,
1638 1965 1683 2023 rel
1706 1964 1857 2026 minuendi

112 2067 203 2133 ml).
214 2063 789 2142 »EttamenpaulopostScripturadicit:
802 2066 966 2125 «Indiebus
1007 2041 1082 2104 ¹¹V⁰l
1092 2060 1218 2120 impera.

113 2152 175 2226 eius
209 2154 338 2212 ascendit
361 2154 472 2215 Pharao
496 2156 592 2215 Nechc
617 2158 751 2231 [Nechaol
777 2173 830 2216 res
850 2151 967 2230 AEgypti
1295 2143 1396 2211 Redite
1409 2142 1567 2202 advocatu-t·
1712 2232 1718 2243 ι

114 2248 215 2299 contra
233 2256 330 2316 regem
344 2243 532 2318 Assyriorum
544 2246 580 2304 ad
601 2247 711 2306 flumen
735 2245 927 2321 Euphratem,
940 2250 968 2302 et
1044 2235 1137 2297 Civile
1148 2238 1258 2300 bellum
1271 2240 1384 2314 objicis,
1404 2236 1563 2302 imminens
1577 2244 1741 2318 pericnlum
1754 2246 1788 2305 in
1801 2250 1859 2307 tuse
1900 2258 1910 2279 ·

115 2325 186 2385 abiit
196 2327 291 2387 iosias
303 2328 333 2387 iu
356 2345 511 2391 occursum
533 2333 607 2407 ejus,
627 2340 655 2392 et
669 2335 781 2393 occisus
799 2339 842 2392 est
856 2330 967 2391 iulia·
1010 2325 1190 2400 allegationis
1207 2328 1375 2389 deleusiune
1389 2332 1547 2405 praetendis
1567 2333 1702 2395 :dicatur
1719 2336 1859 2409 etiamsi

62 2468 65 2475 -
116 2417 188 2489 8³1⁰
205 2416 374 2493 lMttgeddcl,
390 2435 458 2479 cum
473 2421 593 2482 vidisset
607 2438 677 2482 euru
693 2426 744 2497 [IV
755 2427 822 2493 itaq.
836 2424 966 2491 arsuth»
1009 2414 1112 2487 placet,
1129 2415 1199 2488 quia
1216 2416 1322 2476 coelum
1346 2426 1451 2489 rueret,
1469 2425 1544 2479 terra
1557 2422 1666 2481 caedem
1688 2416 1799 2484 civium
1810 2440 1862 2500 pa·

119 2504 160 2563 lu
188 2502 359 2564 Sellechiam
380 2523 497 2583 quoqne
520 2527 618 2585 regem
644 2510 719 2569 luda
736 2527 786 2584 per
813 2507 969 2568 ieremiam
1011 2507 1128 2571 teretur,
1148 2498 1342 2577 pelgeaucuc
1355 2507 1473 2579 addens,
1493 2509 1564 2582 quia
1588 2516 1695 2582 pontus
1711 2518 1861 2586 aresceret,

21 2636 23 2645 ‚
119 2593 226 2652 licitur
244 2613 277 2677 :s
292 2595 371 2655 Audi
386 2598 505 2657 verbum
521 2599 648 2670 Domini,
662 2590 968 2659 Sedecciaren'luda:
1013 2595 1088 2648 terra
1112 2590 1260 2651 diluvium
1286 2593 1451 2665 inundaret,
1476 2596 1549 2667 quid
1571 2596 1644 2656 mibi
1667 2597 1766 2657 omnia
1788 2599 1860 2669 baec,

118 2682 191 2743 Haec
215 2682 287 2744 dicit
300 2683 443 2745 Dominus
455 2688 492 2745 ad
507 2693 534 2746 te
550 2707 557 2746 :
577 2688 640 2748 Non
660 2686 793 2747 morieris
807 2687 839 2746 in
863 2685 969 2757 gladic,
1012 2680 1082 2740 dnm
1098 2687 1218 2746 constet.
1234 2682 1304 2755 qnia
1315 2684 1459 2760 quidquid
1472 2686 1592 2757 accidet,
1607 2688 1690 2748 nullo
1702 2696 1784 2764 pacto
1794 2707 1862 2750 sau·

117 2771 169 2829 sed
199 2770 232 2828 in
255 2786 326 2845 pace
349 2773 491 2844 morieris,
515 2779 544 2832 et
570 2775 731 2835 secundum
758 2772 972 2833 combustiones
1013 2770 1051 2829 cti
1067 2785 1148 2844 papae
1175 2771 1348 2831 sententiam
1366 2773 1493 2833 debuisti
1517 2774 1687 2850 iufringere,
1710 2778 1792 2838 nulla
1818 2796 1865 2838 ra.
1888 2839 1903 2855 ⁴

116 2868 237 2937 patrum
262 2867 389 2933 tucrum,
414 2880 514 2938 regum
529 2866 672 2940 priorum,
694 2867 747 2940 qui
766 2866 884 2924 luerunt
906 2868 973 2921 ante
1014 2859 1092 2917 hone
1107 2858 1255 2932 synodalis
1267 2859 1373 2920 decreti
1383 2862 1556 2936 mysterium
1569 2861 1655 2924 licuit
1670 2863 1719 2922 59
1735 2866 1866 2928 violare?

117 2956 155 3022 (θ’
173 2949 218 3008 Sic
231 2951 401 3011 comburent
415 2960 443 3011 te
459 2973 466 3012 ε
485 2961 514 3013 et
533 2970 588 3026 var,
611 2954 744 3025 Domine,
769 2952 907 3029 plangent
921 2958 970 3011 te:
1017 2944 1098 3004 Sicut
1112 2945 1192 3003 euim
1206 2945 1354 3021 Scriptura
1369 2949 1520 3023 perbibet:
1537 2975 1547 3000 ·
1570 2951 1675 3011 illelius
1684 2958 1728 3013 est
1745 2962 1778 3014 ut
1789 2955 1866 3014 uria·

117 3039 191 3116 quia
211 3040 335 3117 verbum
358 3042 411 3101 bne
429 3059 481 3117 ego
504 3044 618 3103 locutus
640 3059 716 3114 sum,
737 3043 807 3102 dicit
832 3022 1064 3102 boninusfltur
1081 3033 1261 3116 scandalum,
1276 3043 1409 3109 quamut
1428 3039 1533 3097 veritas
1554 3039 1745 3116 relinquatur.
1766 3042 1868 3102 »Nam

21 3206 22 3213 ἵ
116 3132 186 3199 (tes.
215 3133 336 3200 xxxta).
353 3154 367 3182 s
396 3130 477 3202 Quod
505 3133 649 3193 nimirum
676 3133 820 3209 quomodo
846 3132 975 3207 potuerit
1016 3122 1041 3182 si
1055 3124 1109 3183 hnc
1124 3124 1233 3182 bellum
1250 3124 1416 3184 timuissent
1430 3126 1505 3186 beati
1520 3136 1671 3205 martyres,
1687 3130 1867 3207 fierentpffl.

21 3248 22 3265 t
118 3218 265 3295 deniqui
281 3220 383 3279 seriem
398 3228 542 3284 seruetur
555 3223 697 3295 historiar,
718 3238 871 3297 nunquam
896 3230 974 3295 pore-
1015 3211 1165 3272 culdnbic
1177 3221 1284 3272 saneta
1298 3214 1412 3274 militiae
1423 3216 1590 3276 desertores.

118 3310 160 3367 rit
171 3306 316 3375 invenire.
331 3308 405 3369 Nam
419 3318 571 3386 postquam
585 3329 603 3371 a
630 3328 696 3386 rege
708 3311 864 3387 Babylonis
886 3309 976 3371 semel
1233 3315 1365 3382 Defensor
1376 3317 1504 3372 Romame
1510 3317 1646 3374 Ecclesia,

119 3399 166 3452 est
184 3399 294 3468 captus,
309 3394 557 3474 Babyloniamquc
575 3398 740 3470 translatus
756 3392 880 3458 ulterius
897 3414 976 3458 uun·
1056 3409 1120 3469 Non
1135 3410 1260 3485 ignoras,
1275 3412 1354 3486 quod
1378 3411 1451 3472 inter
1470 3428 1572 3473 omnes
1587 3419 1701 3474 sanctos
1725 3422 1869 3493 martyres

61 3552 64 3560 ,
120 3502 213 3562 quam
226 3486 332 3563 1081th
348 3483 396 3542 5⁸
415 3487 451 3545 ab
473 3490 536 3562 ³11¹ss
562 3476 692 3548 vinculis*
710 3488 870 3547 absolutus.
896 3488 978 3547 lutto
1019 3482 1122 3558 Petrus
1138 3506 1166 3557 et
1184 3498 1292 3559 Paulus
1306 3499 1338 3559 in
1353 3499 1502 3574 apostolici
1522 3508 1640 3563 senatus
1654 3501 1786 3563 culmine
1802 3519 1869 3580 pos·

21 3606 23 3657 l
119 3576 682 3650 ergojuuicicsnhtmhitbenshomini
697 3593 911 3653 nonnunquam
924 3577 976 3636 bo-
1019 3589 1330 3671 sjqentprjflcjpatuffi,
1365 3596 1368 3600 ⁴
1828 3596 1830 3598 ·

21 3720 22 3733 ,
120 3682 162 3725 na
185 3682 253 3741 quea
267 3667 411 3741 promisit,
426 3683 493 3727 cum
509 3667 626 3726 rebellis
649 3668 737 3728 homo
763 3667 845 3728 illius
864 3683 977 3727 serrare
1306 3688 1407 3757 hegiae
1426 3670 1584 3746 aquom,
1664 3648 1669 3661 ¹

21 3814 22 3825 ,
121 3754 260 3815 mandam
273 3755 453 3857 fflfltefflflitq
1052 3783 1115 3849 Hoc
1135 3782 1209 3843 sicut
1230 3799 1335 3858 negare
1351 3784 1525 3859 sacrilegum
1539 3795 1593 3858 est,
1615 3786 1656 3847 ita
1675 3793 1704 3846 et
1727 3787 1871 3848 affirmmc

412 3857 512 3925 Reptm
532 3856 689 3915 advocatus.
1017 3872 1209 3949 superfluum,

162 3950 339 4028 Prosequere
360 3951 448 4011 etiam
469 3953 612 4028 quomodo
637 3954 725 4025 Deus,
745 3951 823 4029 quod
849 3948 978 4012 minatus
1231 3962 1362 4041 Defensor
1378 3962 1507 4021 ileomns
1519 3940 1656 4025 aarum.

21 4052 22 4109 ἶ
117 4043 180 4119 ,fflb
197 4054 256 4097 ⁰⁰11
269 4036 387 4114 infligit·
1054 4056 1162 4119 Eorum
1178 4064 1247 4118 sunt
1262 4058 1346 4117 nobis
1361 4058 1485 4118 tenenda
1504 4060 1636 4135 vestigia,
1659 4076 1760 4123 eorum
1779 4065 1872 4128 torma

21 4128 22 4155 ¹
336 4148 469 4215 Defensor
485 4150 613 4204 manahe
630 4144 766 4206 Ecclesia.
1019 4149 1178 4210 nostrisest
1191 4147 1304 4207 actibus
1320 4145 1526 4221 imprimenda,
1542 4148 1598 4208 suh
1617 4166 1719 4211 eorum
1737 4154 1873 4228 magistra

163 4238 265 4313 Nemo,
290 4241 342 4316 qui
368 4241 458 4321 limen
488 4241 625 4301 Ecclesiae
654 4243 730 4314 terit,
754 4242 878 4316 ignorat,
908 4240 979 4315 quie
1019 4236 1272 4321 debemusrivere
1286 4234 1451 4309 disciplina.
1488 4253 1491 4256 ’

126 4332 214 4392 Jonas
227 4332 264 4390 ad
287 4330 414 4391 Ninireu
428 4349 446 4390 a
459 4332 583 4392 Domino
597 4331 714 4403 missua,
731 4328 917 4403 exclamavit,
933 4329 979 4388 di·
1310 4335 1412 4402 heqtm
1424 4331 1582 4392 caecemus.

129 4438 216 4481 cens:
235 4447 249 4471 e
267 4421 575 4497 Adbucquadraginta
594 4421 667 4494 dies,
685 4428 714 4481 et
737 4421 843 4480 Ninive
857 4382 1012 4481 subscr-⁰
1058 4420 1121 4481 Hoc
1143 4421 1245 4497 utique
1267 4420 1379 4481 clarum
1403 4426 1445 4480 est
1461 4437 1495 4479 ac
1509 4420 1706 4496 perspicuum.
1724 4421 1781 4483 Sed
1802 4424 1874 4499 quid

132 4518 206 4571 tetur
226 4514 307 4581 uena
328 4514 378 4583 111).
398 4535 409 4563 ι
438 4512 491 4572 Sed
510 4513 592 4593 xquia
618 4511 721 4571 civitas
747 4511 798 4570 illa
824 4512 861 4569 ad
888 4511 981 4573 Deum
1022 4525 1040 4567 a
1062 4516 1088 4568 te
1104 4509 1238 4582 portenti,
1258 4507 1329 4584 quid
1343 4508 1483 4583 praestigii
1497 4510 1553 4569 sub
1571 4511 1625 4570 hoc
1642 4511 1874 4573 tuniculcindu·

134 4604 189 4659 into
212 4604 254 4657 est
270 4598 357 4658 'corde
371 4614 519 4669 contensa,
542 4616 726 4676 nequaquam
740 4601 825 4674 Juxta
839 4600 982 4659 minacem
1023 4596 1243 4669 clicuisalatur,
1263 4596 1375 4670 ignoro.
1489 4658 1492 4663 Δ

133 4690 249 4750 Domini
263 4690 435 4749 senteutiam
451 4690 559 4750 excidii
572 4698 615 4750 est
628 4691 778 4751 eversione
792 4688 894 4748 deleta.
908 4688 982 4748 llum
1171 4703 1177 4711 ·
1242 4695 1372 4762 Defessus
1386 4696 1657 4752 commemorasse.

134 4795 200 4854 erge
212 4779 288 4838 Deus
304 4779 487 4853 omnipotens
503 4797 560 4840 nun
576 4782 660 4840 modo
681 4796 779 4849 verax,
797 4780 846 4838 sed
871 4779 981 4853 etipsa
1058 4780 1138 4840 Tolle
1160 4779 1352 4855 praestigium,
1372 4777 1504 4863 intellige
1523 4782 1693 4841 veritatem:
1719 4784 1803 4845 times
1829 4801 1875 4848 me

21 4930 22 4933 ,
133 4866 297 4936 silveritas,
320 4867 460 4927 inviolato
473 4869 587 4928 consilii
603 4870 650 4929 sui
673 4876 807 4929 manente
826 4869 981 4943 preposito,
1024 4879 1161 4944 tanquam
1181 4869 1232 4927 tihi
1244 4868 1405 4928 tendiculas
1418 4870 1643 4942 substruentem,
1658 4872 1729 4931 audi
1751 4873 1874 4935 Paulum

131 4954 283 5013 exterioris
307 4956 411 5031 iudicii
436 4960 482 5019 sui
510 4974 587 5033 saepe
611 4959 703 5018 variat
726 4959 869 5027 ordinem,
898 4961 983 5033 juxta
1024 4958 1060 5016 de
1085 4955 1246 5031 coapostolo
1281 4970 1334 5015 suc
1364 4954 1449 5015 Petro
1479 4957 1618 5016 veraciter
1654 4959 1873 5032 perhibentem:

130 5041 254 5101 humaui
267 5045 330 5101 sire
344 5044 438 5118 probi,
455 5045 516 5107 sive
530 5046 656 5122 improbi
679 5046 774 5107 meriti
788 5046 956 5122 qualitatem
973 5063 981 5117 ;
1029 5044 1225 5123 «Priusquam
1238 5043 1371 5102 renuent
1383 5044 1532 5118 quilama
1548 5044 1664 5117 Jacobs,
1689 5061 1757 5107 cum
1780 5048 1875 5121 genti-

130 5139 275 5206 quereum
289 5138 346 5191 eta
371 5134 512 5207 pravitate
530 5143 683 5209 correctus,
698 5137 777 5212 quod
804 5136 884 5196 Deus
907 5137 997 5209 juste·
1025 5134 1412 5194 busedehat2cumautem
1435 5134 1593 5205 venissent,
1619 5136 1806 5207 subtrahebat
1834 5155 1876 5210 se,

131 5219 273 5292 minatur,
289 5220 392 5281 eradat
408 5243 416 5282 z
432 5231 460 5284 et
478 5225 628 5301 prolapsus
651 5226 683 5285 in
709 5225 838 5300 culpam,
858 5226 984 5285 nullate·
1025 5232 1054 5285 et
1082 5223 1269 5297 segregabat,
1299 5223 1404 5282 timens
1429 5239 1478 5281 taos
1504 5224 1556 5296 qui
1582 5240 1619 5282 ex
1657 5225 1878 5286 circumcisione

132 5325 202 5380 nus,
217 5326 284 5384 quae
303 5311 467 5388 pollicetur,
488 5316 565 5376 bona
577 5316 723 5391 percipiat.
745 5317 821 5375 ilinc
839 5317 984 5392 estquod
1027 5319 1118 5370 erant.
1136 5335 1150 5359 »
1163 5310 1316 5369 Cernimus
1324 5326 1391 5384 ergo
1406 5310 1521 5369 Petrum
1531 5325 1587 5368 noe
1612 5311 1750 5386 rigidum,
1761 5312 1811 5373 sed
1823 5314 1880 5373 dis·

133 5411 188 5470 per
200 5396 355 5457 Jeremiam
375 5399 466 5460 dicit:
484 5423 497 5455 e
512 5402 607 5462 Bonas
631 5402 713 5461 tacite
728 5404 789 5461 vias
813 5411 932 5473 vestras,
959 5408 985 5461 et
1028 5410 1150 5462 cretum.
1168 5400 1300 5459 Timebat
1322 5400 1402 5459 enim
1418 5399 1546 5470 iudaea,
1571 5416 1607 5459 ne
1628 5418 1679 5475 per
1698 5406 1878 5465 occasionem

133 5480 232 5542 studia
247 5492 351 5555 vestra,
376 5494 404 5544 et
429 5487 526 5547 audite
553 5505 652 5548 vocem
665 5488 784 5548 Dourini
807 5490 859 5548 Dei
877 5490 984 5548 vestri:
1029 5492 1162 5565 gentium
1188 5490 1273 5547 addc
1286 5488 1450 5548 recederent
1465 5487 1705 5564 Christianorum,
1721 5499 1750 5551 et
1764 5510 1800 5553 ne
1813 5511 1877 5567 per·

21 5574 23 5627 l
132 5576 163 5630 et
179 5571 331 5646 poenitebit
344 5574 504 5636 Dominum
520 5577 988 5653 maluqnodlocnmsesradver-
1028 5578 1109 5638 deret
1132 5591 1248 5651 gregem
1273 5575 1426 5646 creditum,
1452 5574 1521 5632 beni
1550 5576 1729 5649 pastoriscst
1747 5580 1878 5641 imitatus

226 5702 234 5717 ·
299 5688 432 5751 Persou.
455 5691 567 5753 CXLV.
1687 5694 1703 5753 3
