4017 6192
155 302 258 406 'sus
454 349 484 403 s.
502 349 604 405 rrum
622 346 763 404 nnnrnu
780 344 1054 406 ornronussnu
1088 316 1478 404 elusus-orossius
1499 344 1614 405 rann.
1770 317 1827 411 ‘sm

205 474 293 530 super
314 474 363 514 ros
388 455 461 513 aliud
485 459 608 528 pondus;
636 466 739 512 tantum
754 457 781 513 id
796 456 866 527 quod
888 456 1005 536 habetis,
1020 463 1043 522 Α
1058 455 1167 533 AEgypti
1177 455 1323 526 percellere
1337 469 1369 511 ae
1378 455 1499 512 lacerare
1508 458 1675 527 permittitur
1686 458 1787 531 (deod.
1800 463 1839 539 r),

204 560 294 610 tenete
316 551 409 622 (Aper.
424 550 467 621 n).
484 568 493 601 r
513 548 599 615 liam,
613 548 667 604 lieo
690 557 819 627 testeque
835 564 917 603 unum
941 549 1001 617 qui·
1051 553 1081 600 ut
1102 547 1138 603 ad
1156 546 1374 616 repromissionis
1395 561 1460 601 arra
1479 549 1645 606 contendere
1665 550 1836 616 festinantius

203 640 265 694 dem
281 640 351 694 diem
373 636 487 709 ieiunii,
502 637 544 691 rel
559 636 703 707 cujuslibet
728 635 881 690 alliictiouis
904 635 999 700 indidi,
1050 645 1222 706 provocetur.
1652 616 1657 629 ¹
1806 649 1811 657 ·

203 730 252 785 sed
275 737 304 783 ut
319 732 346 782 in
373 726 469 797 coeptis
493 725 663 781 solummodo
685 725 787 782 sanetis
810 738 1000 796 perseverares

203 819 331 889 operibus
345 817 486 888 imperari.

1280 767 1286 775 ,
1342 706 1456 763 CAPUT
1475 706 1530 762 vll.

1052 815 1177 888 Exemplo
1190 792 1281 889 regunt
1295 834 1326 872 ac
1342 819 1611 888 decemuirorum·
1624 819 1778 889 felicitatem
1795 840 1836 881 ut·

511 904 624 961 CAPUT
648 904 692 961 vl,
1225 887 1376 956 felicissimo
1393 889 1655 956 esitaperdiderunt.

203 999 263 1065 Quo
281 996 364 1051 animi
386 997 501 1068 puritate
522 1006 674 1050 sauctorum
694 993 813 1065 reliquie
830 993 996 1048 venerande.
1083 997 1168 1055 Porro
1182 1000 1255 1054 utde
1270 1009 1297 1053 te
1308 998 1413 1064 sileam,
1429 1012 1489 1068 que
1501 999 1602 1056 talione
1613 1000 1748 1057 ricariaot
1759 1003 1837 1061 odisti

235 1091 270 1146 Et
283 1094 386 1145 utinam
398 1103 413 1143 a
426 1088 587 1160 quibusdam
604 1086 758 1149 homicidis,
775 1085 817 1140 rel
830 1085 997 1140 diuersorum
1023 1096 1025 1101 ’
1045 1088 1176 1143 mttndum
1190 1095 1217 1142 et
1228 1103 1324 1159 perosa
1333 1087 1391 1157 iam
1405 1089 1560 1159 exploderis
1576 1091 1688 1157 mundo,
1716 1096 1836 1166 nunquid

202 1182 349 1237 eriminum
365 1181 432 1244 reis,
448 1179 485 1233 illi
500 1178 628 1249 gemitus,
642 1176 681 1231 ilii
693 1174 773 1231 lletns
787 1176 812 1229 in
828 1173 998 1229 contorsione
1048 1184 1076 1231 et
1088 1177 1155 1247 ipsis
1169 1177 1288 1248 regibus,
1302 1192 1317 1231 a
1337 1178 1436 1247 qtribus
1455 1179 1572 1236 mundus
1591 1180 1643 1236 iste
1663 1183 1785 1254 diligitur
1808 1196 1836 1241 et

198 1279 422 1343 prorumperent,
449 1271 490 1325 sie
511 1267 675 1323 talrescentls
699 1275 726 1322 et
752 1266 885 1322 acerrimo
904 1265 997 1321 dolore
1047 1266 1145 1338 quibus
1159 1267 1278 1336 captiosa
1309 1267 1404 1323 lrarrde
1427 1268 1574 1335 blanditur,
1598 1286 1653 1327 nou
1676 1275 1834 1341 quantocius

200 1363 339 1419 translixae
368 1361 470 1417 mentis
491 1360 605 1430 spiritus
627 1356 767 1422 fremeret,
792 1356 831 1412 sic
856 1354 995 1412 mulesibi
1047 1355 1074 1410 in
1089 1356 1296 1412 amaritudinem
1308 1356 1422 1412 vertitur
1434 1366 1464 1412 ut
1491 1359 1619 1414 nimirum
1634 1361 1726 1427 bodie,
1739 1364 1785 1433 qui
1801 1378 1834 1419 er

197 1455 307 1509 conseia
322 1460 432 1524 pectora
453 1449 641 1519 singultirent,
658 1449 730 1503 sicut
750 1446 806 1502 illle
829 1446 996 1518 plangeban·
1045 1446 1304 1502 lrostibrtsrictorie
1328 1446 1404 1518 signa
1428 1457 1556 1518 reportet,
1579 1450 1749 1520 triumpbalis
1773 1469 1833 1508 eom

198 1548 296 1603 turrel
310 1547 431 1601 inanium
446 1545 634 1615 pirantasmata
654 1542 859 1613 cogitationum,
875 1539 916 1594 vel
929 1555 995 1609 qua·
1045 1537 1137 1606 glorie
1148 1551 1246 1608 pompa
1259 1538 1402 1609 precedat,
1419 1548 1446 1594 ei
1456 1553 1518 1594 cras
1528 1539 1602 1594 ilium
1613 1539 1768 1610 ignobiliter
1779 1551 1832 1599 ter·
1881 1550 1887 1561 ’

199 1638 326 1694 numlibet
347 1635 492 1707 puerilium
519 1634 628 1703 ineptiae
656 1633 808 1689 levitatum.
829 1631 885 1686 lloo
896 1645 994 1702 proro—
1045 1644 1078 1698 gn
1091 1636 1253 1695 vertentem,
1268 1629 1374 1705 hostilis
1388 1645 1485 1686 mucro
1501 1633 1683 1688 translodiatl
1697 1635 1834 1694 baltassar

197 1736 294 1785 centur
316 1725 516 1797 exemplo,qui
535 1725 740 1793 adseueranda
754 1732 910 1778 sanctornm
933 1737 993 1778 eor·
1044 1731 1142 1789 nempe
1156 1719 1215 1789 ipso
1229 1720 1271 1775 dle
1300 1721 1659 1789 quorasatemolilioutioi
1673 1722 1729 1792 jam
1746 1734 1833 1782 temu-

196 1837 261 1891 pora
287 1821 329 1891 pia
357 1818 500 1874 deuotione
531 1816 671 1872 festinant.
696 1814 753 1871 lllie
781 1816 871 1885 itaque
890 1807 1135 1885 proprttulmtus
1146 1809 1358 1865 concubinarum
1373 1810 1452 1867 labiis
1462 1810 1566 1866 leuare
1580 1815 1763 1884 presumpsit,
1776 1815 1831 1873 Ιο-

196 1922 288 1968 reatus
303 1911 425 1976 morbos,
441 1908 519 1981 quasi
532 1909 629 1965 noxios
641 1910 770 1965 humores
781 1916 809 1963 et
819 1906 993 1977 egritudines
1049 1899 1145 1955 dorum
1163 1900 1268 1971 gladiis.
1290 1900 1371 1957 ⁰³in
1388 1902 1529 1957 ιίῡῑθιίιιιι
1540 1903 1688 1969 θῠῑῑῐιιιιῑθ.
1699 1905 1830 1975 subuertit
1909 1961 1915 1977 ,

194 2014 333 2069 evomant,
348 2003 433 2075 1ιί(ιυί
450 2019 498 2074 per
511 2010 623 2057 coriatus
645 2015 720 2070 purae
734 1997 912 2054 consessionis
931 2013 993 2070 ege·
1044 1987 1126 2060 (⁰¹¹⁸-
1136 1989 1173 2061 ⁷)·
1187 1988 1272 2045 Gilhi
1283 1990 1421 2047 ss⁰ffl³¹¹l¹⁸
1435 1991 1583 2061 1111113101
1590 2002 1706 2064 (imiimi
1716 2004 1831 2052 umoru-

193 2096 262 2150 stins
277 2091 444 2164 poetrltentie
466 2087 594 2142 salutaris
615 2087 767 2141 antidotum
793 2094 910 2141 sumant.
937 2085 993 2141 lllie
1043 2079 1123 2135 modo
1136 2079 1275 2135 mensibus
1290 2080 1442 2152 imperavit.
1464 2090 1490 2137 el
1508 2082 1535 2137 ili
1549 2081 1643 2138 Roma
1662 2084 1722 2140 loro
1741 2086 1830 2157 gladio

194 2183 357 2250 baptismum
380 2177 548 2248 poenitentia}
562 2184 702 2241 statuant,
720 2176 747 2230 in
761 2188 841 2246 quem
857 2189 906 2245 per
919 2174 993 2245 judi·
1043 2181 1188 2238 percussos
1203 2168 1339 2225 occubuit,
1355 2169 1445 2227 Taceo
1468 2171 1613 2238 lictorem,
1635 2183 1767 2243 pretereo
1784 2175 1831 2233 ot·

191 2271 262 2324 cium
288 2267 366 2325 officii
395 2266 574 2323 sacerdotalis
597 2267 728 2333 immersi,
746 2266 845 2323 vetusti
859 2265 991 2345 ‘bominis
1041 2260 1419 2330 lenemsquometnetipsis
1445 2260 1602 2318 interiectos
1623 2261 1754 2321 Romane
1773 2267 1826 2322 rei·

190 2357 614 2430 indumentadeponantjamqne
629 2356 989 2413 norideretcribusrirant.
1040 2345 1441 2417 publicaetestanturblstorie.
1456 2349 1550 2407 Nonne
1570 2350 1829 2412 Vitellinsinterem-
1912 2396 1915 2402 .

190 2451 230 2506 Tu
247 2459 348 2517 autem,
362 2450 471 2505 domina
494 2464 567 2516 mea,
588 2464 650 2502 nam
674 2447 737 2519 quia
753 2455 779 2502 te
801 2446 990 2517 Redemptoris
1039 2448 1102 2511 plus
1125 2449 1168 2496 est
1184 2440 1327 2496 udonibus
1353 2441 1531 2513 Vespasianil
1549 2442 1645 2500 Nonne
1660 2455 1689 2501 et
1701 2443 1828 2504 Pertinax

149 2556 152 2563 ¹
186 2530 243 2597 ¹mei
253 2556 381 2612 sponsam
398 2553 460 2597 esse
474 2554 527 2593 non
552 2537 672 2609 ambigo,
688 2552 775 2592 meam
792 2547 818 2591 te
832 2550 931 2591 uocare
943 2536 989 2590 do·
1038 2530 1145 2587 occisus
1157 2539 1227 2587 esto
1243 2532 1374 2589 militibus
1384 2532 1571 2603 p‘raetorianisl
1599 2534 1747 2603 liserinus,
1770 2536 1827 2593 An·

189 2632 291 2689 minam
303 2631 456 2687 nullatenus
471 2629 614 2694 erubesco,
638 2628 759 2693 domina,
772 2627 895 2700 inquam,
916 2643 987 2694 mea,
1037 2622 1484 2695 sontnnsllerander,Philippus,
1498 2624 1647 2691 Gallienus,
1663 2641 1752 2683 nonne
1767 2641 1826 2683 otn-

185 2726 241 2797 dge
254 2726 350 2796 pedem
375 2724 401 2778 in
414 2722 506 2777 radice
529 2721 748 2792 perseverantie,
764 2729 791 2775 et
817 2720 844 2775 iu
867 2734 986 2774 amorem
1027 2722 1086 2768 ‘nes
1096 2712 1123 2767 Ιιί
1135 2712 1311 2784 imperatores
1323 2715 1449 2771 militaris
1464 2716 1581 2786 impetus
1592 2717 1696 2790 gladios
1710 2719 1828 2787 peristis·

188 2815 277 2879 iliius,
294 2813 778 2884 adquernpermanussacerdotnm
794 2818 821 2864 et
838 2824 986 2880 pauperum
1036 2807 1120 2861 rnrttl
1140 2806 1310 2862 bonritianus
1334 2816 1465 2883 preterea
1501 2822 1614 2864 suorum
1640 2808 1826 2879 conjuratione

188 2906 310 2977 quotidie
323 2912 420 2958 ennom
440 2900 612 2965 transmittis,
633 2898 787 2955 medullitus
805 2898 985 2966 lullutnntare,
1037 2897 1185 2980 eorriossus'
1197 2907 1248 2954 est.
1267 2896 1371 2954 Probus
1397 2898 1538 2972 [etiarnsi
1555 2900 1621 2956 dnm
1634 2909 1724 2955 rastra
1744 2915 1823 2971 sopra

181 3008 218 3056 ,ut
234 2988 364 3052 illudunt
376 2993 437 3063 jure
450 2993 590 3061 contingat
608 2993 679 3062 qnod
696 2993 722 3045 in
738 2991 796 3062 lege
817 2992 983 3061 praecipitur,
1037 2987 1172 3058 Tigridem
1186 2988 1310 3053 baberet,
1323 2989 1427 3046 emlesti
1448 2989 1560 3046 iulmine
1581 3000 1824 3064 repenteperemp·

187 3087 315 3145 videlieet
326 3096 356 3141 nt
371 3085 416 3156 qni
437 3095 543 3154 capram
559 3086 585 3139 in
601 3083 671 3138 bello
690 3082 829 3138 mulierem
842 3082 911 3138 lorte
926 3082 984 3137 dili·
1037 3086 1081 3134 tus
1096 3088 1147 3133 est.
1164 3078 1218 3134 Sed
1231 3080 1277 3149 qui
1291 3080 1348 3134 rult
1362 3081 1469 3151 plenius
1489 3096 1578 3149 nosse,
1590 3082 1712 3139 seriatim
1726 3082 1824 3139 lione

186 3185 262 3249 geret
273 3190 387 3244 eantque
400 3173 537 3244 suscipere
551 3172 681 3228 rolrrisset
696 3185 820 3235 uxorem,
835 3172 910 3241 prius
922 3171 982 3242 ejus
996 3148 1020 3211 C
1036 3188 1077 3235 ne
1091 3174 1259 3243 antiquitatis
1285 3185 1430 3245 percurrat
1447 3177 1587 3244 historias,
1613 3177 1705 3250 ibique
1722 3179 1822 3251 liquido
1847 3208 1861 3223 ·

186 3266 324 3332 cesariem
339 3264 448 3319 raderet
466 3277 621 3333 unguesque
640 3260 811 3332 praecideret,
824 3269 982 3325 arvernem,
1034 3264 1137 3321 ridebit
1157 3280 1238 3336 quarn
1263 3269 1340 3338 pauci
1356 3268 1511 3338 reipublice
1536 3269 1672 3341 principes
1686 3269 1821 3325 communi

185 3357 213 3413 iu
228 3372 281 3427 qua
307 3363 387 3425 capta
412 3362 484 3419 erat,
509 3352 630 3408 aulerret
644 3352 735 3424 (Deru.
748 3353 822 3425 ιιι);
839 3353 932 3422 sieque
949 3353 982 3407 ad
1034 3365 1122 3411 morte
1142 3355 1301 3411 defecerint.
1314 3355 1380 3411 llam
1393 3366 1422 3411 et
1434 3356 1597 3423 Gordianus,
1616 3366 1645 3413 et
1666 3357 1819 3429 Pisilippus,

184 3445 378 3517 ingenuitatem
394 3440 554 3499 Israelitidis
575 3456 700 3498 errrore
715 3443 899 3513 prosilientem
920 3441 982 3512 jure
1036 3448 1144 3511 Deeins,
1168 3446 1272 3514 Gallus,
1288 3445 1460 3512 Volusianus,
1483 3447 1637 3515 Gallienus,
1649 3447 1818 3517 Quinctilius,

184 3538 237 3595 sibi
264 3535 430 3596 matrimonii
458 3533 607 3605 copularet.
625 3532 693 3605 *ianr
714 3535 797 3605 igitur
818 3551 920 3607 ungues
943 3536 980 3590 tui
1035 3534 1205 3603 durrelianus,
1217 3534 1408 3603 Numerianus,
1423 3536 1552 3603 licinius,
1573 3537 1722 3604 Constarn,
1749 3536 1820 3594 Gou-

182 3646 245 3688 eum
268 3628 381 3685 cesarie
405 3640 513 3698 coepere
531 3624 641 3696 presidi
653 3641 661 3693 ;
674 3624 731 3693 jam
748 3626 832 3680 restis
842 3642 893 3696 qna
908 3636 978 3697 tege·
1032 3628 1168 3683 stantinns
1181 3626 1285 3693 iunior,
1297 3626 1420 3683 Julianus
1431 3625 1574 3697 Apostaru,
1587 3626 1697 3693 Valens,
1714 3627 1818 3685 Gratius

185 3717 485 3789 baris,aulerri:quia
511 3715 643 3787 quidquid
673 3715 698 3770 in
723 3717 759 3770 tui
786 3717 876 3772 cultus
899 3712 980 3771 orna·
1031 3733 1093 3784 nus,
1109 3716 1433 3785 Valentinianuslunion
1458 3717 1587 3785 loannes,
1614 3717 1817 3775 Valentinianus

183 3812 257 3868 tibus
269 3809 421 3882 pulchrum,
438 3806 567 3879 quidquid
581 3808 608 3862 in
629 3805 804 3862 facultatibus
818 3809 977 3878 pretiosum,

181 3912 209 3958 te
226 3901 301 3957 uelut
322 3899 437 3965 ambire,
452 3898 496 3954 rel
509 3911 618 3953 comere
636 3898 663 3952 in
679 3897 860 3954 exterioribus
886 3900 977 3955 cerni·

181 3990 372 4064 tur,861in
390 3988 498 4061 pietatis
510 4002 591 4058 opera
602 3986 722 4057 quotidie
738 3984 906 4060 prodigatur.
923 3986 977 4043 ite-

181 4092 236 4141 stat
250 4098 315 4156 ergo
336 4082 370 4137 ad
387 4082 508 4136 intimam
522 4078 614 4149 sponsi
636 4078 673 4134 tui
687 4078 743 4149 jam
765 4079 909 4149 peruenire
921 4076 977 4133 dul·

102 4173 107 4191 '
181 4175 324 4238 oediuem,
339 4181 367 4227 et
390 4171 579 4227 strauissimam
603 4168 677 4223 illam
697 4169 875 4225 confoederati
895 4169 975 4239 spiri·

180 4272 224 4318 tus
238 4262 369 4316 unitatem
384 4276 416 4312 :r
437 4257 488 4324 Qui
512 4257 585 4312 enim
609 4258 728 4312 adbaeret
752 4259 875 4326 Domino,
906 4274 975 4314 unus

182 4366 291 4409 comeo
306 4351 417 4421 spiritns
432 4357 474 4405 est
488 4348 515 4419 (1
532 4348 594 4404 Cor.
614 4351 665 4420 rt),
688 4352 854 4417 ›videlicen
877 4362 906 4409 ut
928 4354 974 4410 ille

1029 3806 1600 3879 tertinullajorianns,diethelniusdlepos,
1611 3807 1816 3865 omnesistiiio

1028 3899 1680 3971 maniimperiireetores,nonnevelinotioffl
1690 3900 1815 3956 seditiosa

1028 4006 1138 4047 suorum
1154 3999 1218 4046 sunt
1231 3988 1325 4045 fraude
1340 3988 1441 4057 necati,
1456 3989 1499 4045 rel
1518 3990 1545 4044 in
1561 3991 1701 4059 procinctu
1717 3987 1816 4045 bostili-

1026 4085 1077 4140 bus
1090 4083 1229 4155 perierunt
1241 4083 1338 4154 gladiis
1349 4082 1520 4151 interemptil
1536 4081 1592 4138 Sed
1609 4083 1814 4153 equinorum

1026 4174 1092 4244 quid
1110 4172 1213 4243 proluit
1234 4172 1307 4242 quod
1333 4186 1427 4228 eornm
1456 4171 1483 4225 iu
1500 4170 1552 4227 boe
1575 4169 1672 4225 seculo
1685 4168 1815 4240 prolixius

1025 4280 1128 4321 annosa
1153 4264 1208 4318 vita
1231 4262 1356 4318 duravitl
1380 4260 1459 4328 llam,
1474 4269 1504 4315 ut
1518 4260 1622 4317 indulta
1642 4268 1812 4331 preteream,

1024 4356 1185 4415 Valerianus
1199 4357 1347 4426 imperator
1363 4353 1390 4409 in
1409 4351 1601 4422 Mesopotamia
1614 4365 1676 4407 cnm
1692 4348 1811 4420 Sapore,

95 4470 99 4477 ²
179 4443 375 4503 diviniamoris
387 4457 468 4513 sapor
479 4441 532 4497 tuis
547 4441 695 4497 visceribus
708 4441 812 4509 induat,
823 4445 867 4498 illa
882 4447 973 4500 snari·
1023 4449 1167 4504 Persarum
1179 4461 1253 4518 rege,
1265 4446 1387 4518 praelium
1397 4444 1534 4501 commisit
1543 4452 1572 4498 et
1583 4441 1716 4514 perdidit:
1732 4453 1812 4513 qoem

178 4537 243 4593 tatis
254 4535 356 4594 intime
373 4535 481 4590 bamma
503 4535 539 4589 tui
551 4534 669 4605 pectoris
684 4548 785 4589 arcana
806 4537 969 4603 srtcccndat,
1023 4540 1069 4595 ille
1082 4539 1207 4610 protinus
1220 4545 1330 4607 captum
1350 4533 1535 4591 irrevocabilis
1553 4532 1682 4589 custodiae
1698 4531 1812 4588 uinculis

178 4645 260 4701 quam
283 4637 312 4685 et
338 4628 422 4684 miser
439 4629 558 4683 mulidus
576 4636 602 4681 et
626 4642 703 4684 rnens
724 4640 839 4700 quaeque
854 4632 971 4689 carnalis
1022 4630 1197 4702 ntaneiparit;
1207 4630 1253 4701 qui
1261 4628 1401 4694 nimirum,
1413 4626 1484 4683 sient
1500 4624 1584 4682 tradit
1596 4623 1722 4690 historia,
1737 4623 1812 4696 igno·

175 4722 294 4795 ignorat,
316 4728 346 4776 ut
369 4718 435 4775 illud
461 4718 636 4774 Cantirorum
661 4720 790 4775 ardenter
811 4721 968 4779 exclames:

179 4832 190 4866 ι
207 4812 308 4869 Guttur
327 4809 417 4868 dilecti
430 4810 695 4879 meisuarissimurn,
712 4819 739 4867 et
750 4819 822 4869 totus
834 4813 973 4869 desidera-

175 4904 241 4961 bilis
254 4902 344 4975 (Cant.
359 4900 399 4972 r),
414 4907 464 4954 ret
477 4899 523 4955 ille
536 4900 582 4953 tibi
609 4900 796 4959 uicissitudine
815 4913 891 4975 grata
927 4918 971 4960 re·

175 4996 331 5068 spondeat:
349 5011 358 5046 t
378 4991 468 5047 Fatus
485 4988 618 5045 distillans
634 4991 766 5059 labiatua,
787 5009 901 5064 sponsa;
915 4996 967 5050 mel

175 5096 205 5141 et
218 5086 262 5142 lac
274 5084 325 5140 sub
339 5083 499 5154 linguatua,
508 5078 964 5152 etodorrestimentorumturonum,

175 5178 323 5234 sieutodor
336 5174 425 5231 thuris
438 5169 527 5241 (Cant.
543 5168 591 5240 rr).
611 5170 691 5228 »Nec
709 5176 826 5231 turberis
836 5176 859 5231 si
876 5190 927 5246 qua
940 5189 966 5232 te

175 5269 301 5325 lortassis
314 5266 465 5323 adversitas
474 5257 572 5323 ‘terias
595 5269 630 5323 ob
645 5267 672 5324 id
691 5268 763 5323 enim
779 5267 819 5334 dt,
836 5277 865 5324 ut
879 5268 964 5326 inter·

177 5374 229 5417 nus
242 5357 285 5414 iile
299 5358 447 5429 dispositor
466 5362 500 5417 ad
522 5364 593 5419 banc
617 5372 643 5417 te
669 5357 837 5415 dulcedinem
863 5358 963 5414 trahat.

175 5449 243 5504 Nam
257 5458 284 5505 et
295 5460 382 5507 nrater
397 5469 458 5508 eum
471 5455 607 5513 ablactare
620 5452 678 5509 rnrlt
698 5452 798 5515 lilium,
820 5450 965 5521 aliquando

176 5540 212 5595 iel
227 5540 356 5595 uberibus
369 5545 490 5611 adhibet,
514 5558 544 5601 ut
566 5547 630 5602 dum
644 5554 806 5615 aspernatur
826 5543 871 5599 ille
893 5544 966 5615 quod

165 5633 282 5711 *ltorreu
296 5632 473 5700 compeliatur
486 5637 518 5690 ad
531 5636 687 5693 alimentum
695 5652 724 5691 se
735 5637 884 5692 transierre
894 5637 966 5707 qtrod

175 5725 293 5778 roboret.
318 5721 492 5777 israeliticum
513 5742 619 5798 qrroqne
641 5729 768 5799 populum
791 5727 893 5784 ideirco
917 5743 964 5782 rex

1021 4721 1069 4777 bili
1095 4720 1165 4791 apud
1189 4719 1306 4774 Parthos
1329 4716 1462 4774 seruitute
1488 4714 1644 4779 consenuit;
1666 4723 1694 4771 et
1723 4713 1810 4784 quoad

1021 4813 1100 4879 vixit,
1111 4812 1175 4868 huic
1188 4812 1328 4881 probrose
1341 4808 1465 4865 addictus
1478 4816 1521 4864 est
1530 4820 1628 4880 pene,
1644 4815 1675 4862 ut
1688 4806 1810 4877 ejusdem

1022 4904 1169 4976 provincie
1179 4917 1236 4969 rex,
1253 4902 1395 4959 incurvato
1414 4917 1460 4969 eo,
1474 4903 1571 4972 pedem
1584 4900 1740 4967 renierus
1752 4897 1811 4969 rrius

1020 4993 1189 5071 imprimeret
1202 5006 1230 5052 et
1244 4997 1284 5051 sie
1304 4996 1331 5051 in
1353 5010 1453 5065 equum
1467 4970 1624 5066 arrog'arrtia
1638 4992 1757 5049 tumidos
1766 5004 1809 5047 as·

1020 5089 1118 5145 siliret.
1133 5088 1200 5156 Quis
1212 5095 1255 5143 est
1271 5087 1356 5154 eninr,
1369 5085 1413 5142 eui
1429 5100 1459 5140 se
1468 5083 1576 5141 iortnna
1586 5099 1641 5141 non
1653 5082 1809 5148 transierat,

1020 5190 1047 5235 et
1065 5180 1144 5234 modo
1158 5179 1192 5234 de
1210 5177 1331 5233 aduersis
1343 5177 1371 5232 in
1386 5191 1526 5247 prospera,
1538 5176 1619 5232 modo
1630 5175 1664 5231 do
1672 5171 1812 5246 prosperis

1019 5271 1046 5326 in
1063 5270 1177 5325 aduersa
1190 5269 1299 5325 scenica
1320 5283 1350 5325 se
1368 5268 1501 5324 varietate
1524 5267 1684 5324 conuertatl
1704 5265 1810 5334 Quanta

1021 5362 1101 5434 plane
1113 5359 1212 5432 gloria,
1225 5368 1344 5432 quantus
1355 5374 1466 5416 snorum
1482 5358 1560 5414 laror
1570 5358 1663 5414 arrisit
1672 5355 1810 5423 dnrtibali,

1018 5468 1080 5508 curn
1096 5453 1166 5523 apud
1179 5452 1288 5507 Cainnas
1302 5451 1414 5507 Paulum
1426 5449 1567 5531 AEtnilinrn
1583 5465 1644 5505 oum
1659 5457 1700 5504 lot
1712 5447 1812 5503 Roma·

1019 5550 1115 5599 nolum
1146 5543 1261 5599 militum
1284 5542 1439 5616 agminibus
1462 5543 1578 5598 strarlti
1606 5556 1670 5598 erm
1695 5540 1812 5609 denique

1020 5645 1076 5692 tres
1087 5651 1231 5692 aureorum
1246 5636 1408 5691 anirulorum
1420 5636 1534 5704 modios,
1546 5650 1617 5706 quos
1627 5633 1749 5705 equitnm
1760 5632 1810 5687 lio

1021 5745 1176 5795 manorum,
1192 5738 1348 5787 senatorum
1363 5740 1391 5787 et
1410 5730 1526 5786 militum
1550 5730 1707 5789 detraxerat
1724 5725 1807 5783 mani·
