4017 6192
79 291 131 353 tot
624 294 750 357 OPUSG.
771 295 819 356 tt.
838 324 875 338 -
893 293 942 354 DE
960 292 1052 354 virs
1071 293 1288 355 unanimus.
1775 296 1830 356 tot

80 431 118 474 ne
139 414 212 474 dum
234 414 330 475 aliem
356 416 546 476 immoderate
567 418 779 492 persequimur,
796 433 813 475 a
841 416 1092 479 nostridnomine
1111 417 1298 492 penitentiae,
1314 417 1508 491 obrigescebat
1528 419 1560 477 in
1581 418 1714 478 sensibus
1727 434 1828 493 sopore

79 503 188 563 laboris
216 504 310 563 fructu
336 513 364 563 et
390 506 479 580 digna
502 507 632 567 mercede
660 521 828 565 vacuemur.
857 504 938 575 «Qut
978 512 1136 580 correptus,
1151 506 1241 565 donec
1263 506 1415 566 horrendae
1436 509 1520 565 morti
1544 508 1679 577 traditus,
1700 507 1737 566 ad
1759 523 1827 567 eum

78 593 161 652 enim
185 600 273 652 totam
306 594 397 669 legem
430 596 598 663 servaverit,
627 595 753 654 offendat
779 600 876 654 autem
905 594 938 653 in
978 595 1027 653 cni
1053 595 1229 655 deditionem
1265 599 1370 656 fecerat
1402 604 1444 655 est
1477 595 1631 656 infeliciter
1663 596 1826 663 devolutus.
1896 616 1902 635 ¹

78 698 150 751 uno,
169 684 259 742 iactus
277 690 320 743 est
340 684 476 743 omnium
497 700 564 745 reus
580 690 646 754 tior.
663 692 705 750 tit.
723 711 733 734 ·
751 685 787 744 Et
808 685 935 745 Paulus:
978 681 1164 743 Postmodum
1191 700 1260 744 vere
1289 700 1341 758 per
1372 685 1469 757 plures
1489 692 1588 743 noctes
1613 685 1696 757 nigra
1722 700 1829 744 canunt

80 768 268 840 ·llodicum,
292 770 399 845 inquit,
422 772 598 831 termentum
617 779 705 832 totam
730 787 854 831 massam
876 787 937 831 cor·
978 771 1064 830 turba
1079 789 1136 831 non
1149 773 1275 832 cessabat
1294 774 1451 847 sepulturae
1465 773 1528 847 ejus
1540 773 1683 845 assistere,
1698 780 1726 831 et
1743 773 1827 847 quast

77 860 192 934 rumpit
207 863 232 931 ti
244 862 305 921 Gor.
323 864 395 929 vt.»
976 859 1138 933 depositum
1161 861 1314 928 custodire,
1343 862 1383 918 ita
1403 867 1435 918 ut
1460 875 1518 918 non
1543 859 1665 918 minimo
1695 860 1827 919 videntes

402 984 525 1045 CAPUT
539 985 579 1045 XI
977 949 1094 1008 bormre
1118 956 1312 1009 concuterent.
1328 949 1393 1008 Heu
1411 963 1499 1021 quam
1518 949 1680 1020 perniciosa
1706 965 1752 1008 res
1772 950 1829 1024 spi·

582 1032 588 1044 ‘
975 1037 1049 1097 riae
1063 1044 1220 1097 contumax
1234 1045 1262 1096 et
1280 1036 1421 1110 litigiosus
1434 1038 1466 1095 in
1482 1039 1643 1097 monacbot
1659 1038 1714 1097 Hic
1733 1038 1825 1111 enim,

114 1169 184 1229 Vidi
205 1183 310 1244 nempe
332 1172 508 1231 monachum
527 1172 677 1231 eremitam
699 1172 788 1233 vitam
806 1171 934 1231 districte
974 1124 1044 1198 quja
1064 1125 1251 1199 temporam
1274 1123 1379 1183 habere
1400 1138 1499 1198 pamm
1513 1140 1581 1184 cum
1603 1126 1665 1185 suis
1690 1126 1828 1185 mribus

124 1261 129 1269 .
230 1260 265 1272 ..
603 1263 610 1274 .
655 1263 660 1273 .
697 1263 703 1274 .
975 1212 1078 1284 noluit,
1098 1221 1216 1272 eternas
1241 1213 1319 1286 pacis
1339 1212 1490 1285 gaudium,
1509 1215 1540 1274 in
1559 1213 1826 1273 tartarnmdemer·

75 1266 148 1318 ⁸⁸⁰⁸
167 1267 195 1319 ει
213 1260 305 1334 Πὲιᾰθ
323 1260 534 1334 perferemem‘
559 1278 611 1337 ‘¹¹¹¹
631 1279 772 1323 mmmm
796 1270 824 1323 et
852 1264 934 1365 ΜΨ
975 1316 1035 1371 sus,
1058 1303 1164 1360 amisit.
1188 1302 1251 1361 Hoc
1268 1308 1365 1362 autem
1378 1309 1406 1360 et
1423 1302 1446 1361 si
1471 1304 1605 1378 praesenti
1628 1302 1703 1378 stylo
1720 1320 1828 1379 usque·

75 1350 214 1424 paludus’
241 1358 410 1448 ⁸¹.⁰⁰rp⁰¹⁰
438 1352 625 1411 vehemeuoer
649 1353 782 1452 mmm&
810 1354 878 1452 m
901 1370 933 1414 ¹¹¹
974 1406 1092 1466 quaque
1103 1406 1161 1450 non
1176 1399 1324 1466 congruat,
1340 1392 1446 1451 idcirco
1460 1399 1558 1452 tamen
1572 1395 1647 1452 inter
1662 1395 1724 1453 baec
1738 1394 1830 1468 apici·

76 1446 185 1497 ‘emm
208 1437 310 1509 ΝΜ
333 1438 443 1498 m⁰⁰d⁰
469 1449 602 1501 m⁰r⁸¹¹¹¹⁸
628 1442 801 1513 ”demtum
829 1459 933 1503 ”num
974 1479 1029 1538 bus
1052 1481 1190 1539 mandare
1205 1480 1382 1551 curavimus,
1407 1487 1520 1540 utrem
1544 1482 1773 1567 memorabilem,
1788 1498 1827 1541 ne

75 1540 196 1601 qum
227 1540 275 1599 per
301 1526 519 1586 undecennium
545 1543 604 1586 ⁰⁰⁰
625 1534 803 1603 gumvmt'
828 1529 933 1629 sed’.⁰
973 1572 1082 1633 oblivio
1095 1572 1215 1644 tolleret,
1232 1576 1313 1648 quasi
1332 1574 1369 1633 ad
1389 1574 1533 1647 paxillum
1553 1574 1686 1635 funiculo
1700 1576 1824 1650 stringe·

139 1613 146 1624 Ο
171 1611 191 1670 ΙΙ
278 1614 284 1625 Ι
315 1615 322 1627 0
368 1614 373 1626 Ι
394 1614 400 1626 Q
916 1649 931 1661 .
1218 1662 1223 1672 t
1299 1662 1304 1672 ¹
1365 1662 1371 1673 ⁴
1404 1662 1410 1673 Ι
1479 1662 1485 1674 .
1604 1665 1610 1676 ι

75 1612 930 1784 {attractatitctrtttttaatttt.
973 1662 1243 1810 precarer
1256 1677 1389 1738 rrcrr
1402 1671 1552 1737 ma...
1565 1664 1724 1724 rer
1739 1679 1827 1736 rur

940 1773 965 1834 Β
996 1768 1064 1812 nem
1080 1753 1115 1811 trs
1128 1767 1259 1811 animosa
1273 1751 1419 1827 perducat.

288 1078 327 1131 De
339 1077 468 1132 mortecto
481 1078 591 1146 {iumine
602 1080 720 1134 enecate

75 1789 107 1849 iu
124 1791 291 1864 phrenesim
308 1794 454 1865 decidens,
472 1802 559 1870 atque
582 1799 613 1855 in
626 1797 750 1858 belluini
765 1798 871 1859 turono
886 1814 933 1856 ra-

73 1877 156 1937 biem
177 1878 344 1940 immaniter
366 1882 512 1952 efferatus,
541 1899 579 1942 ex
602 1884 740 1943 manibus
763 1884 794 1943 in
819 1884 934 1945 diversa
1293 1889 1415 1952 CAPUT
1428 1892 1507 1953 illll.

74 1967 245 2040 nitentium,
259 1974 288 2027 et
301 1969 429 2030 vinculis
446 1971 555 2045 quibus
577 1973 744 2033 nectebatur
766 1990 796 2034 se
815 1982 932 2049 repente
1162 2003 1346 2073 nepam„
1357 2003 1483 2058 momm-
1496 2007 1634 2060 ,mom

74 2056 238 2133 proripuit:
268 2066 296 2118 et
320 2061 373 2119 ubi
399 2060 546 2135 plurimus
575 2063 724 2123 rotabatur
756 2072 869 2136 vortex,
898 2064 930 2123 in

74 2148 207 2221 spumosi
232 2148 363 2209 fluminis
390 2153 560 2227 voraginem
589 2169 701 2215 mersus
727 2154 846 2214 interiit.
874 2153 930 2214 Sed

75 2250 246 2312 quanquam
266 2240 372 2312 quovis
402 2244 503 2301 mortis
532 2244 654 2304 articulo
681 2250 818 2304 meritum
842 2261 930 2305 suum

74 2328 184 2403 cuique
204 2330 297 2404 perire
321 2348 381 2391 non
407 2334 507 2407 possit,
527 2335 563 2393 ad
583 2335 638 2394 boc
657 2343 754 2396 tamen
778 2337 834 2395 ista
854 2353 930 2411 prae·

74 2415 221 2483 misimus,
249 2424 281 2476 ut
305 2418 337 2477 in
366 2421 547 2494 quibuslibet
580 2423 686 2482 nostris
714 2422 799 2483 bonis
832 2423 929 2499 operi·

76 2503 133 2563 bos
152 2521 304 2581 nunquam
321 2509 504 2584 pertinaciter
516 2511 714 2583 confidamus3
732 2512 781 2571 sed
797 2521 929 2573 metuen-

76 2603 118 2653 tes
131 2612 247 2671 semper
262 2599 334 2672 quid
347 2616 473 2674 superna
487 2601 524 2662 de
542 2603 626 2662 nobis
643 2607 787 2665 sententia
811 2613 928 2672 statuat,

75 2685 112 2744 de
127 2688 174 2747 bis
188 2689 239 2762 qui
257 2689 407 2750 uobiscum
430 2699 509 2763 sunt,
522 2693 653 2769 judicare
673 2709 757 2753 mens
776 2702 874 2755 nostra
888 2703 929 2753 te·

76 2792 156 2835 mere
173 2793 231 2837 non
255 2783 430 2850 presumat,
448 2788 476 2838 et
495 2780 520 2839 si
543 2782 623 2840 enim
647 2783 779 2842 videmus
795 2785 826 2842 in
854 2800 929 2859 prte-

76 2867 154 2925 senti
171 2882 230 2941 quo
245 2869 406 2938 gradimur,
434 2870 605 2943 ignoramus
628 2879 724 2930 tamen
747 2888 805 2948 quo
827 2890 931 2935 cursus

75 2961 175 3012 noster
205 2954 264 3013 tine
286 2954 447 3015 claudatur.
475 2955 556 3016 Patet
575 2958 623 3017 via
643 2973 711 3033 quae
736 2960 858 3031 teritum
880 2961 931 3020 sed

74 3045 221 3103 oecultum
235 3051 278 3103 est
291 3060 348 3119 quo
361 3047 540 3119 pervenitur.

1007 2108 1087 2167 Inter
1105 2107 1205 2166 omnia
1222 2107 1312 2181 igitur
1334 2122 1401 2181 queo
1427 2107 1526 2166 diviua
1555 2108 1640 2167 nobis
1661 2114 1729 2167 sunt
1758 2108 1823 2183 tege

971 2197 1115 2265 mandata,
1132 2197 1207 2256 nibil
1231 2206 1274 2256 est
1298 2198 1438 2257 monacho
1457 2199 1629 2273 propensius
1641 2199 1822 2270 enitendum,

970 2302 1058 2363 quarn
1079 2295 1112 2347 ut
1132 2287 1301 2362 patientiam
1321 2287 1353 2346 in
1369 2287 1507 2347 omnibus
1530 2288 1641 2357 babeat,
1661 2304 1719 2363 qua
1743 2288 1824 2347 vide·

971 2378 1037 2437 licet
1059 2377 1164 2437 alienae
1183 2377 1332 2453 pravitatis
1353 2377 1490 2451 injuriam
1512 2378 1717 2451 equanimiter
1742 2378 1824 2437 ierat.

969 2469 1042 2528 Haec
1055 2467 1139 2542 plane
1152 2467 1246 2525 virtus
1258 2466 1293 2524 ad
1307 2466 1489 2540 perfectionis
1514 2467 1631 2526 culmen
1646 2468 1822 2526 monachum

969 2557 1112 2632 provehit,
1135 2561 1163 2615 et
1185 2553 1345 2614 terribilem
1368 2555 1399 2612 in
1417 2553 1468 2613 Dei
1485 2555 1616 2615 hostibus
1636 2555 1822 2614 dimicantem

969 2647 1103 2705 animum
1126 2645 1203 2704 lacit.
1220 2646 1291 2704 Haec
1304 2644 1438 2703 omnium
1452 2643 1589 2702 vitiorum
1606 2644 1755 2703 victoriam
1770 2643 1822 2702 tri·

970 2738 1043 2805 buit,
1066 2742 1094 2794 et
1121 2742 1220 2794 contra
1247 2733 1490 2792 iurantesmundi
1515 2733 1677 2807 precipites
1699 2732 1824 2807 impetus

970 2826 1130 2884 bumanam
1157 2830 1283 2882 mentem
1307 2822 1531 2894 insuperabilem
1558 2821 1660 2880 reddit.
1687 2821 1723 2879 lit
1752 2821 1824 2898 quid

971 2915 1098 2987 amplius
1116 2911 1233 2972 ditant?
1252 2911 1492 2984 Quandoquidem
1516 2910 1660 2987 quidquid
1674 2911 1710 2969 de
1729 2912 1825 2986 rigore

970 3006 1164 3071 abstinentiae,
1190 3003 1333 3079 quidquid
1357 3003 1393 3062 de
1421 3018 1594 3078 quacunque
1618 3004 1746 3077 corporis
1780 3005 1825 3062 ai·

938 3092 1098 3189 edictione
1119 3091 1252 3164 superins
1270 3090 1379 3150 dictum
1405 3097 1457 3158 est,
1479 3089 1606 3149 vel-dici
1625 3090 1727 3163 potuit,
1753 3104 1825 3166 pene

398 3169 520 3229 CAPUT
538 3170 601 3229 XII·
971 3179 1047 3239 nibil
1075 3180 1121 3249 sit,
1147 3179 1171 3238 si
1196 3178 1258 3252 ipsa
1283 3179 1424 3238 virtutum
1449 3179 1551 3238 nutrix
1575 3180 1713 3253 patientia
1738 3180 1823 3249 desit,

141 3260 321 3315 Demarcho
336 3262 386 3329 qui
399 3260 703 3332 contracertantes
719 3266 856 3334 quesivit.
969 3268 1107 3343 apostolo
1134 3273 1263 3336 testante,
1295 3266 1347 3339 qui
1370 3266 1433 3325 ait:
1464 3291 1477 3318 t
1514 3267 1685 3342 corporalis,
1716 3269 1823 3339 inquit,

110 3357 146 3415 Et
165 3357 234 3431 quia
252 3373 283 3415 se
304 3358 416 3417 occasio
435 3358 570 3432 praebuit,
595 3360 754 3418 terribilem
777 3361 928 3421 nibilomi-
970 3356 1137 3417 exercitatio
1156 3356 1193 3415 ad
1216 3354 1362 3414 modicum
1381 3356 1463 3414 utilis
1477 3364 1540 3427 est3
1565 3358 1703 3428 patientia
1723 3364 1821 3416 autem

75 3464 131 3507 nus
153 3457 182 3507 et
200 3448 318 3508 alterius
342 3449 476 3509 monachi
490 3465 591 3509 casum
608 3452 846 3525 pretereundum
865 3469 929 3513 esse
968 3449 1005 3509 ad
1026 3447 1124 3508 omnia
1146 3447 1227 3505 utilis
1248 3454 1291 3505 est
1315 3448 1339 3517 (i
1350 3450 1419 3503 Tim.
1433 3447 1482 3519 tv).
1501 3470 1514 3495 ι
1538 3446 1757 3506 adolescentem
1775 3464 1823 3508 me

74 3556 133 3601 non
156 3540 301 3611 ducimus,
326 3542 377 3599 etsi
404 3557 463 3600 non
490 3557 665 3617 magnopere
689 3543 758 3601 huic
789 3544 928 3618 opusculo
969 3542 1001 3599 in
1025 3538 1182 3598 Faventina
1196 3537 1268 3596 urbe
1282 3543 1397 3611 propter
1418 3536 1579 3597 litterarum
1600 3538 1695 3596 studia
1713 3539 1821 3598 consti·

73 3646 235 3704 congruere
246 3630 407 3691 videamus.
424 3631 458 3690 ln
477 3631 619 3691 Perusino
633 3634 819 3704 monasterio,
836 3635 928 3693 sancti
970 3634 1064 3687 tutum
1080 3625 1181 3685 audire
1191 3625 1310 3699 contigit
1331 3626 1408 3698 quod
1428 3639 1541 3685 enarm.
1559 3626 1637 3684 lnter
1656 3627 1730 3685 dnos
1750 3626 1823 3686 sibi-

75 3719 209 3778 videticet
227 3717 394 3789 salvatoris,
415 3721 462 3779 cui
481 3736 578 3794 nuper
600 3728 628 3780 et
648 3721 709 3795 ipse
728 3723 846 3796 prasini,
861 3723 928 3797 qui-
969 3724 1029 3776 met
1048 3715 1237 3774 convicaneos
1259 3714 1366 3773 obortis
1380 3713 1506 3774 invicem
1526 3715 1734 3786 simultatibus,
1749 3716 1822 3773 alte-

73 3808 140 3867 dam
156 3810 315 3867 monachus
330 3808 416 3883 paulo
432 3818 499 3868 ante
518 3809 623 3879 luerat,
648 3810 767 3870 nomine
792 3810 927 3885 Guinizo,
969 3807 1032 3867 rius
1046 3804 1230 3864 oculosalter
1254 3804 1361 3863 ctiodit.
1378 3804 1478 3863 uerus
1500 3804 1597 3878 itaque
1619 3812 1771 3878 postquam
1792 3820 1823 3863 se

73 3904 187 3957 astutus
215 3899 302 3956 nimis
330 3894 401 3955 799
428 3906 456 3957 et
481 3900 615 3969 callidus,
631 3901 819 3960 saecularibus
845 3917 928 3974 argn-
968 3895 1079 3956 mundo
1106 3894 1231 3954 nimium
1254 3893 1388 3952 inutilem
1411 3894 1495 3965 vidit,
1521 3894 1724 3953 monasterium
1748 3890 1820 3948 800

74 3987 180 4047 mentis
203 4001 236 4045 ac
264 3986 396 4060 litigiosis
420 3990 656 4050 contentionibus
671 3991 857 4049 vehementer
881 3989 926 4047 in·
967 3984 1059 4057 petiit.
1082 3982 1269 4043 Postmodum
1288 3997 1357 4040 vero
1375 3996 1442 4041 cum
1463 3991 1490 4041 et
1510 3981 1571 4054 ipse
1591 3982 1686 4041 illator
1703 3981 1821 4055 injurie

74 4082 180 4134 tentus.
208 4073 262 4132 llic
286 4075 383 4148 itaque
406 4075 478 4134 dum
502 4082 530 4134 et
552 4076 583 4134 in
610 4077 757 4136 mutandis
774 4077 927 4136 abbatibus
967 4073 1106 4145 languore
1143 4079 1300 4144 correptus,
1337 4071 1532 4130 conversionis
1569 4070 1700 4129 habitum
1733 4069 1822 4128 anxie

73 4172 102 4221 et
126 4163 262 4222 tratribus
286 4164 490 4237 perturbandis
516 4172 643 4225 aestuans
671 4182 727 4225 non
754 4165 925 4241 quiesceret,
968 4169 1121 4238 quaereret,
1142 4163 1190 4223 sed
1205 4163 1240 4220 ad
1255 4162 1332 4222 idem
1349 4162 1558 4221 monasterium
1574 4161 1690 4232 deterri,
1705 4167 1821 4236 propter

72 4252 108 4309 ad
136 4252 190 4311 boc
216 4267 308 4327 usque
336 4254 477 4325 pervenit,
495 4261 528 4312 ut
553 4253 662 4312 diaboli
687 4255 723 4313 ad
749 4255 926 4327 superandos
968 4253 1055 4311 illurn
1083 4266 1171 4326 quem
1195 4249 1350 4309 creduliter
1386 4257 1594 4321 attrectaverat,
1624 4249 1818 4324 incongruum

72 4339 197 4400 emulos
223 4341 417 4415 patrocinium
444 4348 587 4414 quereret
614 4351 642 4401 et
668 4343 733 4413 ejus
762 4358 793 4401 se
821 4342 925 4402 ditioni
964 4341 1118 4415 judicaret,
1141 4339 1290 4397 monacbis
1311 4339 1470 4413 superbae
1491 4338 1817 4397 resecretomussitan·

70 4429 160 4487 etiam
196 4430 382 4503 corporaliter
413 4431 608 4504 manciparet:
637 4431 685 4489 cui
713 4438 809 4490 tamen
838 4430 1055 4538 seda-Dtibus,
1078 4428 1194 4487 tandem
1217 4427 1292 4486 lanta
1316 4427 1423 4501 negotii
1446 4426 1481 4485 ad
1503 4428 1661 4485 acutiorem
1687 4426 1821 4486 videlicet

70 4526 132 4577 ctor
158 4518 277 4592 spiritus
305 4519 434 4591 exigenti
462 4527 529 4577 ante
554 4520 696 4592 promisit,
726 4521 801 4595 quod
831 4521 924 4592 tertio,
967 4534 1027 4576 non
1048 4516 1175 4574 videntis
1194 4513 1326 4589 pervenit
1345 4514 1487 4573 anditum.
1510 4516 1641 4586 Cumque
1657 4512 1717 4582 ille,
1740 4513 1817 4588 quod

71 4606 244 4680 priusquam
281 4616 452 4679 moreretur,
488 4608 555 4678 die,
597 4625 684 4669 suum
723 4612 778 4670 siti
811 4613 923 4671 exitum
967 4602 1137 4664 imminebat
1170 4601 1284 4674 plenius
1319 4600 1478 4670 didicisset,
1502 4598 1588 4671 ooepit
1613 4615 1682 4657 mot
1709 4599 1817 4659 obnixe

73 4695 229 4753 nuntiaret.
254 4695 382 4754 Credidit
405 4696 519 4765 infelix,
544 4702 572 4756 et
596 4697 648 4758 din
675 4699 857 4772 postmodum
879 4700 925 4759 vi-
965 4695 1128 4768 deposcere,
1147 4689 1301 4764 atquibus
1319 4689 1430 4747 valebat
1457 4688 1587 4762 precibus
1607 4686 1816 4747 instantissime

73 4798 153 4850 vens,
169 4783 209 4841 ita
231 4783 287 4842 sub
309 4784 364 4843 bac
387 4786 550 4860 deceptoria
570 4788 722 4845 securitate
743 4789 922 4860 permansit:
966 4781 1104 4857 flagitare,
1121 4785 1153 4837 ut
1166 4777 1250 4836 illum
1271 4777 1371 4834 iratres
1386 4790 1454 4833 cum
1473 4776 1554 4833 omni
1570 4774 1710 4832 charitate
1724 4776 1816 4835 susci·

70 4871 185 4930 tandem
210 4872 241 4930 in
265 4874 470 4947 egritudinem
492 4877 570 4951 lapso
586 4877 667 4935 adest
691 4876 842 4950 ildejussor
864 4878 922 4935 ini·
966 4878 1077 4946 pererit,
1106 4867 1293 4939 semetipsum
1321 4864 1440 4937 insuper
1464 4863 1613 4923 custodem
1636 4862 1754 4933 scilicet,
1783 4880 1817 4923 ac

68 4974 157 5031 quus,
185 4967 213 5019 et
239 4964 459 5036 perendianum,
488 4966 562 5024 sicut
586 4967 787 5041 spoponderat,
809 4967 923 5026 obitum
964 4960 1131 5019 ministrum
1148 4956 1211 5029 ejtts
1224 4953 1371 5028 obsequiis
1385 4952 1523 5013 insudare
1535 4953 1679 5026 juberent.
1703 4953 1814 5026 Impor-

67 5044 232 5107 innotescit.
258 5049 394 5110 Protinus
407 5051 554 5111 advocatis
580 5053 629 5111 ille
656 5053 803 5120 iratribus,
818 5061 923 5112 cuncta
965 5048 1043 5108 tunis
1056 5060 1125 5106 sane
1139 5041 1276 5102 insistens
1290 5041 1433 5115 precibus,
1451 5042 1568 5101 medem
1582 5041 1721 5111 obtinuit,
1745 5047 1773 5098 et
1789 5042 1816 5100 ei

68 5130 130 5190 bec
152 5148 220 5206 quae
240 5151 307 5194 cum
333 5137 513 5211 nequissimo
535 5140 691 5212 pepigerat,
713 5155 762 5214 per
787 5140 921 5198 ordinem
963 5153 1051 5211 quem
1071 5132 1166 5193 carnis
1190 5129 1302 5189 lumine
1322 5129 1419 5189 videre
1445 5147 1505 5191 non
1525 5135 1644 5204 poterat,
1667 5128 1818 5203 perspicuo

67 5228 174 5279 narrat.
191 5221 323 5299 Cumque
352 5225 396 5283 illi
418 5227 569 5297 instarent,
597 5227 742 5286 dicentes:
759 5228 826 5288 Esto
850 5244 920 5288 con·
962 5223 1109 5284 charitatis
1129 5220 1213 5281 oculo
1235 5218 1424 5278 ministrabat.
1450 5218 1637 5277 Decembenti
1659 5219 1757 5293 itaque
1770 5235 1815 5277 se·

65 5311 170 5377 lessus,
193 5326 246 5383 age
260 5314 482 5386 paenitentiam
500 5324 617 5389 repente
642 5316 693 5375 ille
712 5317 919 5384 obdormiebat,
961 5317 1049 5377 dulus
1070 5314 1200 5373 minister
1212 5312 1356 5382 assistere,
1380 5308 1556 5383 tegminibus
1571 5309 1738 5381 contovere,
1762 5324 1815 5368 ne-

64 5407 93 5457 et
118 5400 182 5457 sive
203 5401 395 5473 pulsantibus,
411 5404 474 5463 sive
488 5406 693 5477 clamantibus,
708 5407 849 5478 evigilare
861 5423 919 5468 non
961 5402 1084 5462 cessarie
1111 5414 1236 5477 quaeque
1263 5397 1417 5472 porrigere,
1439 5394 1632 5468 percipiendis
1653 5396 1740 5454 etiarn
1760 5396 1815 5454 ati-

64 5494 191 5560 poterat3
213 5487 238 5546 si
265 5505 323 5548 non
354 5490 398 5548 illi
423 5491 639 5565 obticescerent,
666 5493 712 5552 vel
740 5496 822 5555 atiud
847 5496 919 5572 quid
960 5489 1067 5549 mentis
1090 5486 1219 5547 suasorie
1243 5497 1405 5558 provocare.
1432 5479 1503 5538 Nam
1528 5481 1617 5539 etad
1645 5482 1814 5555 digestionis

62 5581 168 5646 praeter
193 5575 393 5646 penitentiam
412 5576 490 5651 loqui
515 5578 631 5648 vellent,
659 5596 728 5640 mot
748 5582 798 5641 ille
813 5599 917 5657 exper-
959 5579 1115 5645 occultum,
1142 5584 1174 5635 nt
1199 5573 1357 5642 dicebatur,
1383 5586 1460 5644 sepe
1487 5585 1518 5626 se
1552 5570 1625 5628 terre
1650 5578 1678 5629 et
1706 5573 1814 5631 reterre

59 5662 202 5738 gebctus,
229 5662 355 5722 inuitem
384 5664 571 5741 loquebatur;
598 5668 648 5729 sed
683 5686 786 5731 rursus
817 5670 917 5730 audito
959 5666 1101 5744 gaudebat
1121 5672 1272 5740 aegrotum.
1288 5659 1336 5721 Sic
1356 5657 1505 5731 nimirum,
1521 5659 1563 5718 sic
1585 5658 1636 5734 qui
1657 5660 1810 5735 geminum
