4017 6192
223 332 278 395 ‘tat
438 331 469 388 S.
483 329 585 387 enini
599 330 739 387 obdidit!
753 330 829 388 OPP.
852 332 971 391 tontis
989 333 1056 391 snb
1072 334 1167 413 PARS¹
1179 335 1225 393 iil.
1244 365 1278 379 -
1293 337 1483 398 OPUSCULA
1502 341 1620 400 tanta.
1800 350 1854 438 ²⁸1⁸

222 445 310 502 dendo
321 443 495 515 praecidatio
508 452 609 512 praesto
619 441 761 513 deglutiat.
772 442 812 498 lix
826 442 903 512 cujus
917 444 1016 516 capitis
1030 457 1052 511 g
1067 461 1121 503 non
1143 446 1272 515 sodtctat,
1295 451 1391 507 cariem
1412 468 1461 509 ore
1489 455 1600 527 proprio
1619 472 1704 528 pm„
1724 463 1863 535 mm,

217 534 312 591 curiis
328 530 479 589 duo-eatuli
498 540 687 601 procreamur,
709 531 756 602 qui
780 541 875 603 partus
896 541 1018 605 tempore
1069 538 1247 596 nerideb'cet
1267 555 1318 612 per
1333 541 1458 600 biemaiis
1477 545 1680 604 inclementiam
1694 551 1791 609 imbris
1810 555 1860 611 irs.

228 634 351 681 materna
374 620 458 676 intera
485 620 615 690 utrinque
631 621 796 688 ‘corrodunn
814 631 842 676 et
862 622 903 678 sic
922 623 1018 679 altrin·
1069 642 1129 683 rum
1145 638 1281 703 turgeant,
1294 639 1323 687 et
1343 640 1441 705 negata
1456 648 1506 705 spe
1518 635 1608 694 rictus
1620 639 1758 700 lnberbu
1765 658 1858 703 amn.
1982 636 1983 639 ’

219 729 304 771 secus
320 711 400 768 simui
426 710 583 767 occidentes
596 711 628 766 et'
636 720 780 767 nascentes
793 721 948 783 emmpunt.
964 712 1017 780 Qui
1068 726 1143 787 pant.

225 807 354 863 nimirum
374 814 438 861 amc
460 814 525 861 sunt
545 806 688 876 parricidae
709 821 790 875 quam
814 807 878 875 dtit;
890 802 892 806 ’
906 818 935 864 et
955 809 1018 865 irteo
1063 844 1068 851 ·
1351 815 1467 874 CAPUT
1486 817 1582 878 xxiv.

222 914 362 969 nunquam
378 907 478 968 praeter
490 899 558 952 duos
577 897 655 952 valet
667 897 748 969 hujus
760 901 868 972 generis
881 900 1018 958 excedens
1182 902 1223 959 lle
1237 903 1339 975 vipera,
1352 908 1486 978 accipitre,
1502 920 1620 981 serpente
1634 922 1660 968 et
1671 929 1745 971 arao.

223 990 326 1061 aliquid
339 989 466 1044 inveniri.
1104 992 1172 1062 Quis
1196 996 1279 1051 etiam
1298 999 1419 1068 viperam
1445 1000 1539 1055 docuit
1563 1010 1609 1067 ut,
1635 1019 1697 1061 curo
1726 1006 1860 1078 cupiditas

261 1080 310 1135 Est
319 1081 413 1143 etiam,
434 1077 504 1133 sicut
515 1077 615 1145 tertur,
629 1078 701 1135 aliud
724 1095 809 1150 genus
832 1082 903 1150 quod
917 1081 1023 1137 dicitur
1067 1084 1157 1141 coitus
1179 1086 1293 1153 incitat,
1312 1088 1346 1144 ad
1378 1087 1457 1145 littus
1472 1090 1545 1147 illico
1569 1107 1721 1165 properans
1741 1114 1861 1156 murena

218 1170 351 1243 iserdum,
372 1170 444 1240 quod
458 1168 573 1223 rolando
594 1179 707 1239 repente
726 1171 865 1227 bominem
878 1179 1016 1242 penetrat,
1060 1177 1213 1233 maritimae
1231 1179 1354 1251 copulam
1374 1181 1472 1251 petati
1494 1181 1552 1240 iisc
1572 1185 1655 1256 igitur
1673 1189 1762 1247 sibilis
1782 1206 1859 1249 snam

223 1271 251 1318 et
266 1262 304 1317 ita
318 1260 479 1332 pertransit,
494 1269 622 1330 unquam
638 1259 739 1316 nilsibi
759 1276 870 1332 prorsus
889 1262 1015 1318 obsistat.
1068 1266 1238 1322 testittcante
1267 1269 1458 1338 presentiam,
1488 1273 1619 1330 continuo
1648 1291 1762 1335 murena
1797 1295 1860 1351 pro-

224 1352 266 1409 td
293 1352 481 1408 instruendam
508 1351 610 1422 quippe
635 1352 782 1407 bumanam
808 1360 933 1408 naturam
956 1350 1023 1425 pius'
1068 1355 1199 1427 grcditur,
1212 1366 1241 1416 et
1260 1365 1402 1415 venenata
1412 1358 1779 1423 bestiasalteriuselemeoti
1794 1368 1862 1426 mis·

220 1443 354 1501 Conditor
374 1443 497 1501 diversas
519 1443 608 1500 brutis
620 1444 785 1500 animalibus
796 1444 881 1511 sires,
899 1453 927 1501 et
941 1455 1019 1501 astu·
1068 1455 1157 1503 cetur.

221 1534 288 1590 tiam
306 1534 431 1601 contulit,
444 1543 476 1589 ut
492 1549 526 1591 cx
539 1533 665 1591 belluinae
685 1549 793 1605 quoque
805 1536 1019 1616 sagacitatisjn-
1105 1534 1173 1602 Quis
1187 1536 1363 1607 accipitribus
1384 1536 1541 1609 hujusmodi
1559 1541 1628 1614 legis
1641 1541 1705 1612 jura
1726 1547 1854 1617 praedixit,

220 1625 385 1696 daginenon
398 1625 597 1681 contemnenda
619 1625 647 1681 iu
668 1633 777 1683 nostros
788 1634 866 1684 actus
877 1626 1018 1685 valeamus
1069 1635 1100 1680 ut
1115 1625 1160 1682 ubi
1176 1626 1328 1694 niditicam,
1344 1642 1395 1700 per
1416 1630 1538 1701 amplum
1557 1632 1622 1689 irinc
1637 1633 1701 1691 inde
1718 1637 1862 1696 circuituro

215 1715 347 1789 exempla
361 1715 528 1786 transferre,
1069 1714 1151 1775 nuliis
1166 1718 1278 1773 omnino
1291 1718 1396 1789 rapinis
1408 1720 1547 1786 insistant,
1563 1730 1667 1779 etcum
1690 1724 1727 1781 ab
1745 1727 1787 1783 eis
1803 1728 1863 1786 ubl-

507 1806 621 1865 Gthli
640 1807 735 1865 xxiii.
1033 1804 1056 1865 B
1069 1822 1124 1877 que
1137 1806 1261 1865 iocorum
1276 1808 1328 1865 nisi
1344 1809 1416 1866 belin
1425 1825 1480 1866 non
1491 1811 1604 1882 vinitor,
1616 1813 1673 1870 iiiic
1685 1814 1731 1872 ubi
1744 1818 1863 1876 victores
1907 1801 1917 1809 ’

211 1926 213 1937 =
234 1898 403 1970 ileonomo,
416 1897 563 1967 elephante,
578 1899 712 1967 unicorni,
729 1899 820 1971 optrito
836 1909 861 1957 et
873 1900 997 1971 domnico.
1070 1897 1191 1955 bostium
1213 1899 1358 1959 manubias
1377 1900 1533 1969 conterunt,
1554 1916 1608 1971 pax
1634 1906 1782 1977 tranquilia
1805 1923 1863 1965 ser-

258 1990 327 2060 Quis
351 1990 423 2047 enim
442 1991 537 2048 docuit
558 2006 702 2063 onagrum,
723 1991 798 2048 utin
820 1992 1017 2063 aequinoctialis
1033 2054 1041 2067 ‚
1067 1987 1167 2047 vetuti
1179 1988 1216 2045 dt
1232 1989 1277 2046 ubi
1292 1988 1365 2047 ictus
1379 2000 1444 2047 suos
1455 1991 1511 2060 iam
1529 1991 1731 2064 plumescentes
1750 1998 1860 2055 orobos

216 2084 325 2140 mensis
348 2081 439 2138 liartii
466 2082 660 2154 perpendiculo
691 2096 740 2153 per
763 2082 903 2139 duodenas
933 2085 1017 2141 boras
1070 2091 1151 2150 nosse
1175 2078 1390 2149 deprehendunt,
1406 2081 1522 2153 pedibus
1535 2098 1591 2139 eos
1614 2098 1647 2140 ac
1671 2095 1764 2143 rostro
1789 2087 1861 2146 nidis

223 2175 295 2242 diei,
320 2173 403 2231 simui
422 2182 452 2231 et
470 2174 560 2230 noctis
580 2172 693 2228 totidem
718 2172 826 2242 rugitus
848 2173 1018 2230 emittatlet
1068 2167 1228 2236 eliminant;
1255 2181 1283 2226 ct
1303 2179 1432 2242 nuquam
1451 2174 1636 2245 cmarrcipatos
1652 2174 1758 2247 Ιιιίὴιιι
1777 2194 1857 2236 asoa

222 2269 299 2324 reiut
319 2283 370 2338 per
396 2265 531 2323 naturalis
552 2264 685 2337 horologii
710 2279 864 2337 organum,
885 2264 1015 2322 horarum
1066 2259 1161 2330 procui
1173 2261 1374 2318 cohabitatione
1385 2264 1560 2334 propulsant,
1577 2277 1606 2322 ut
1618 2267 1683 2324 sica
1700 2280 1795 2327 renero
1803 2270 1862 2340 jan

220 2370 360 2418 momenta
377 2358 542 2431 distinguat?
552 2358 605 2416 Per
621 2356 743 2430 singulas
759 2357 834 2414 cuim
849 2358 932 2415 boras
958 2359 1017 2415 sire
1061 2352 1245 2419 instituantur
1258 2352 1292 2408 ad
1313 2355 1444 2423 predam,
1464 2370 1516 2413 nec
1540 2358 1567 2413 in
1587 2358 1731 2431 segnitiem
1745 2375 1786 2429 se,
1801 2377 1864 2434 spe-

216 2450 275 2506 diei
300 2450 359 2506 siro
383 2449 473 2506 noctis
495 2447 580 2504 semei
607 2448 697 2519 rugit,
728 2461 761 2504 ac
785 2460 835 2517 per
857 2448 910 2505 boc
929 2447 1016 2520 aqui·
1067 2452 1187 2501 rantesa
1201 2445 1362 2517 parentibus
1373 2445 1513 2514 alimenta,
1533 2451 1741 2519 resolvanrsad
1755 2455 1790 2511 ab
1805 2456 1864 2527 ipso

115 2616 117 2619 Ι
213 2543 347 2603 ἰιοιιίιὶίι
359 2544 435 2601 libre
445 2544 540 2600 adesse
554 2553 661 2613 tempus
671 2542 803 2599 ostendit.
1061 2535 1151 2607 print
1172 2535 1279 2594 rotatus
1299 2538 1412 2594 exordio
1434 2540 1539 2597 crebris
1559 2543 1715 2613 rapinarum
1729 2546 1864 2605 violencia

256 2637 323 2707 Quis
337 2637 430 2694 docuit
443 2636 614 2709 elephantem
628 2643 786 2708 perpetuam
804 2633 918 2706 diligere
934 2633 1016 2691 casti-
1063 2636 1235 2685 assuescant.

216 2729 387 2798 tateleui
401 2738 569 2785 tamencum
583 2736 688 2782 tratura
698 2734 811 2783 coactus
825 2725 940 2796 imperio
953 2738 1015 2782 rer·
1104 2719 1155 2779 tint
1168 2729 1301 2792 praterea
1317 2737 1381 2779 ursa
1394 2723 1500 2792 didicit,
1514 2740 1583 2781 cnm
1595 2734 1689 2797 partus
1701 2729 1764 2785 edat
1777 2729 1864 2786 lutor-

212 2829 283 2877 tens
301 2827 389 2892 caput
412 2826 475 2889 post
503 2831 543 2883 se,
571 2816 649 2887 quasi
662 2815 778 2872 nolendo
794 2822 823 2873 et
844 2814 1014 2882 nauseando,
1066 2827 1136 2881 ntes,
1149 2822 1229 2870 natos
1248 2829 1313 2871 suos
1329 2812 1447 2888 lingente
1460 2817 1551 2889 lingua
1572 2820 1708 2889 perraria
1726 2824 1864 2880 menrbro-

213 2912 328 2978 coierit,
350 2920 379 2966 ct
395 2908 551 2980 concipiens
562 2907 648 2965 semei
667 2906 767 2963 iemina
792 2906 827 2962 ad
840 2904 1014 2963 concubitum
1066 2921 1127 2963 rum
1142 2904 1308 2962 lincamenta
1320 2906 1499 2979 distinguere,
1513 2923 1546 2964 ac
1560 2922 1636 2964 more
1647 2910 1722 2982 tiguii
1738 2913 1768 2967 in
1779 2922 1862 2969 natu·

220 3018 274 3058 non
296 3001 452 3057 revertitur.
472 3000 518 3055 illa
538 3013 604 3055 rero
623 3002 687 3055 dum
715 2998 873 3065 draconem,
892 2998 939 3068 qui
961 2998 1015 3054 sibi
1065 2993 1132 3052 ralis
1150 2994 1266 3067 effigiem
1280 2995 1406 3066 generis,
1431 2997 1631 3071 imaginemque
1651 3000 1789 3058 torruarct
1807 3003 1864 3062 tuo

220 3093 343 3150 feraliter
355 3092 508 3158 insidiatur,
528 3090 686 3155 tremefacta
704 3088 847 3157 formidat,
867 3103 921 3145 non
936 3089 1013 3158 aiibi,
1065 3087 1128 3158 quis
1140 3086 1310 3144 medicinalis
1323 3088 1391 3144 artis
1404 3089 1587 3147 instrumenta
1598 3092 1751 3163 perdocuit,
1763 3094 1826 3165 guis
1835 3097 1864 3151 ei

220 3187 268 3241 sed
286 3186 314 3241 in
328 3200 397 3256 aqua
416 3182 497 3253 parit,
512 3198 573 3254 quse
584 3182 618 3237 ad
637 3182 721 3238 ubera
735 3179 795 3251 ejus
807 3195 895 3252 usque
911 3151 1050 3252 pertin·c
1067 3179 1139 3235 uires
1163 3179 1310 3235 irerbcruru
1342 3189 1372 3236 et
1399 3182 1552 3240 curationis
1582 3184 1703 3241 tomenta
1733 3187 1864 3245 dictanti

219 3274 362 3350 gantiam
383 3274 407 3330 si
432 3280 510 3329 extra
530 3287 630 3342 aquam
652 3270 769 3343 peperit,
787 3270 871 3328 draco
891 3270 1012 3328 catulum
1064 3266 1133 3325 iiam
1149 3269 1173 3325 si
1188 3269 1296 3340 quando
1315 3269 1415 3327 ictibus
1440 3273 1609 3344 gravissima
1633 3276 1717 3333 caedis
1735 3277 1861 3345 afficitur,

98 3358 104 3377 ¹
214 3369 279 3441 ejus
293 3365 596 3437 repentedeuoraturgs
609 3361 723 3418 invadit.
929 3371 931 3375 ·
1064 3358 1107 3415 vei
1132 3360 1214 3416 etiam
1237 3359 1336 3431 iaculis
1362 3361 1485 3432 perinsus
1511 3364 1661 3435 sancimus,
1688 3368 1791 3435 berbae,
1815 3370 1864 3428 etri

253 3460 404 3530 Quisbanc
423 3457 619 3529 ingenuitatem
640 3454 766 3512 unicorni
780 3454 905 3521 contulit,
919 3463 949 3510 ut
967 3455 1013 3511 de·
1063 3448 1684 3529 Graeceglo'poenomeuestfluinerasubjicit,
1699 3467 1727 3514 et
1747 3459 1790 3515 sic
1804 3459 1864 3515 soa

219 3550 345 3623 dignetur
369 3548 471 3605 viribus
486 3547 567 3613 vinci,
586 3547 749 3603 humilitatis
767 3556 838 3604 arte
849 3548 969 3620 patiatur
983 3563 1014 3605 se
1066 3550 1140 3599 tactu
1152 3557 1249 3599 omnes
1261 3542 1382 3600 ulcerum
1395 3542 1502 3601 dotores
1516 3545 1649 3614 excludit,
1663 3556 1692 3604 et
1711 3550 1746 3604 ad
1759 3548 1865 3606 incolu-

214 3649 299 3705 'iacile
312 3645 453 3718 superarit
469 3642 615 3717 Nunquam,
631 3642 735 3699 scilieet
748 3657 764 3697 a
777 3640 954 3697 venatoribus
967 3655 1013 3696 ca-
1068 3634 1192 3691 mltalttffl
1215 3633 1359 3704 ltltiimffl
1382 3638 1557 3695 mimmii·
1585 3639 1705 3711 Sirim
1732 3657 1863 3714 ti¹l⁰tl⁰⁶r

213 3738 302 3810 pitur,
316 3736 368 3791 uisi
379 3734 455 3807 prius
467 3733 495 3788 in
505 3731 619 3803 virginis
631 3730 735 3803 gremio
747 3729 904 3787 reclinetur.
1060 3723 1145 3794 qnod,
1160 3738 1211 3779 nos
1235 3725 1360 3795 superius
1382 3725 1500 3799 lugeret,
1526 3728 1549 3785 si
1580 3730 1730 3789 cecitatem
1747 3733 1863 3801 patitur,

251 3824 324 3895 >Quis
349 3824 402 3880 boc
423 3821 564 3878 medicinae
587 3833 672 3890 genus
695 3819 793 3891 aquibe
816 3817 1014 3889 tradiditque
1063 3831 1113 3873 esu
1137 3816 1250 3874 feniculi
1266 3817 1321 3874 luci
1343 3818 1467 3889 pristinae
1491 3819 1666 3878 reiormatur.
1685 3822 1747 3877 iiox
1766 3823 1864 3894 igitar,

220 3932 284 3975 curu
300 3913 432 3981 senuerit,
452 3923 480 3970 et
499 3910 607 3984 gravari
622 3910 755 3982 coeperint
775 3909 825 3965 aia
841 3908 910 3980 eius,
930 3920 1013 3982 atque
1063 3906 1111 3964 ubi
1125 3908 1219 3965 ocnios
1237 3909 1292 3965 sibi
1309 3910 1394 3981 sentit
1417 3910 1528 3978 obduci,
1554 3920 1650 3969 notum
1671 3913 1741 3983 petit
1762 3926 1865 3986 presto

219 4008 292 4066 oculi
320 4007 451 4078 caligare,
475 4015 539 4061 tunc
556 4003 655 4075 querit
676 4001 779 4058 iontem
803 4017 893 4073 aqure,
916 4011 1012 4058 contro
1063 4001 1225 4069 remedium,
1240 4016 1292 4059 nec
1302 4003 1359 4074 spei
1379 4017 1436 4060 sue
1447 4003 1596 4062 frustratur
1610 4003 1718 4063 edoctu.

218 4113 302 4172 quem
316 4099 404 4171 posita
418 4096 493 4173 volat
508 4110 594 4166 usque
611 4095 645 4150 ad
659 4093 793 4151 circulum
808 4093 884 4160 soils,
902 4092 1013 4165 illicque
1056 4148 1060 4153 ,
1356 4094 1471 4154 cuent
1492 4095 1577 4153 xxt.

218 4194 246 4248 in
264 4192 368 4263 puriori
392 4189 502 4246 retheris
528 4186 656 4242 vastitate
683 4185 793 4250 librata,
823 4183 858 4240 ad
883 4192 1014 4255 uaporem
1135 4184 1174 4242 ile
1187 4186 1354 4242 testudineet
1370 4188 1451 4243 oorib
1468 4187 1624 4245 ommatium
1638 4189 1788 4246 miricis.

219 4281 327 4338 soliset
338 4279 396 4334 alas
409 4276 538 4341 incendit,
549 4273 734 4345 et‘caliginem
746 4272 887 4329 oculorum
899 4287 1013 4344 prorsus
1098 4276 1218 4334 'lectudo
1230 4278 1381 4336 visceribus
1394 4289 1471 4349 pasta
1485 4280 1632 4352 serpentis,
1647 4296 1709 4338 cnm
1723 4296 1864 4338 venenum

217 4370 325 4435 exurit,
351 4381 469 4437 meaque
494 4363 663 4421 descendens
687 4364 774 4420 tribus
798 4362 826 4418 in
844 4361 947 4420 iontem
969 4364 1012 4419 ri-
1063 4366 1121 4422 suis
1132 4381 1240 4438 quoquc
1258 4367 1343 4424 sentit
1354 4369 1504 4426 visceribus
1515 4382 1640 4441 serpere,
1648 4370 1793 4442 origanum
1807 4372 1864 4428 siisi

219 4462 296 4517 cibus
319 4458 460 4529 mergitur,
481 4453 566 4512 etsie
590 4454 696 4511 alarum
724 4455 802 4526 vigor
819 4462 848 4509 et
871 4454 1011 4511 oculorum
1026 4503 1052 4565 n
1065 4457 1190 4525 protinus
1204 4457 1239 4513 ad
1249 4458 1401 4515 remedium
1417 4459 1596 4533 nonnegiigit
1607 4460 1750 4517 adbibere.
1766 4462 1867 4533 totpts

216 4553 292 4609 acics
307 4550 392 4607 multo
410 4548 507 4606 meiius
525 4561 608 4619 quam
623 4545 752 4617 juventus
768 4545 907 4613 attulerat,
929 4559 1011 4604 reno·
1057 4548 1146 4613 ,etiam
1167 4547 1336 4606 dolosarum
1361 4559 1476 4607 mortem
1489 4550 1541 4607 sibi
1563 4552 1682 4609 senserit
1702 4551 1864 4620 imminere,

106 4706 119 4727 ‚
217 4642 336 4699 ranturl
999 4664 1001 4677 =
1062 4654 1097 4696 ex
1112 4639 1227 4696 sudante
1238 4640 1319 4711 pinus
1331 4639 1416 4713 ΒΜ
1432 4641 1485 4698 sibi
1501 4641 1594 4699 resina
1607 4643 1743 4708 medetur,
1757 4642 1866 4714 talique

212 4766 215 4776 ·
254 4733 332 4802 Quis,
345 4744 448 4801 queso,
467 4727 609 4787 iornricam
627 4726 663 4783 sd
686 4727 739 4783 boc
759 4727 906 4784 triturandi
925 4742 1011 4800 genus
1055 4729 1182 4787 ‚remedio
1200 4730 1228 4785 in
1247 4728 1377 4802 longioris
1391 4731 1453 4787 vitae
1467 4732 1556 4802 spatia
1570 4730 1732 4802 protelatur.
1746 4730 1818 4799 iiam
1832 4743 1868 4791 et

217 4822 348 4889 instituit,
362 4829 391 4876 ut
407 4829 530 4891 segetum
543 4832 628 4891 grana
640 4816 789 4884 discernat,
801 4826 831 4874 et
840 4816 923 4889 823
935 4818 1012 4889 igno-
1056 4820 1121 4891 ‚ipra
1135 4821 1274 4889 animalia,
1297 4837 1359 4894 que
1377 4823 1487 4879 sibimet
1501 4823 1630 4881 adhibent
1648 4839 1665 4879 a
1686 4825 1770 4882 rebus
1783 4834 1868 4882 cate·

212 4917 281 4974 bilia
304 4928 445 4987 respuens,
467 4911 642 4984 elegantioris
651 4912 757 4983 trugem
783 4911 891 4982 generis
910 4909 1011 4982 eligat?
1062 4911 1182 4968 rioribus
1202 4911 1377 4981 medicinam,
1390 4913 1420 4968 in
1432 4913 1612 4984 suis-quoque
1629 4913 1781 4970 uisceribus
1800 4929 1865 4973 ωο-

213 5011 352 5069 ammom
364 5006 465 5076 quippe
488 5002 589 5075 segetis
600 5003 743 5075 diligenter
757 5002 891 5073 explorat,
904 5012 932 5060 et
945 5003 1010 5058 bor·
1063 5003 1143 5060 dcndi
1155 5003 1306 5073 probantur
1319 5003 1421 5065 babere
1435 5004 1590 5061 materiam.
1609 5003 1650 5060 ilc
1666 5004 1799 5061 carnibus
1817 5004 1866 5062 ri·

217 5104 298 5161 deum
309 5097 421 5170 quidem
436 5106 566 5167 unquam
580 5095 764 5165 iumentorum
777 5096 875 5165 pabula
890 5098 1008 5167 quodam
1062 5108 1146 5166 perte,
1171 5109 1231 5164 quc
1246 5104 1323 5167 tyrus
1339 5095 1450 5162 dicitur,
1464 5110 1518 5153 nnn
1531 5094 1613 5154 modo
1636 5095 1760 5152 theriaca
1772 5097 1866 5154 coab-

213 5194 297 5252 roodo
320 5189 479 5256 bsidiens,
503 5195 683 5259 aspernatum
706 5186 752 5242 ubi
775 5188 1008 5244 rerotriticeum
1062 5187 1144 5254 citur,
1157 5187 1205 5267 sed
1218 5195 1245 5242 et
1258 5187 1366 5245 diversa
1388 5188 1514 5259 medendi
1535 5173 1656 5246 remedia
1667 5189 1863 5260 providentur.

215 5284 319 5357 reperit
344 5295 470 5355 granum,
494 5278 612 5334 iltsemer
634 5277 816 5348 amplectitur.
845 5277 908 5335 liae
923 5280 1006 5337 etiarn
1062 5274 1308 5348 Segrnentaebnris
1323 5278 1351 5334 in
1371 5278 1489 5335 medeba
1501 5278 1592 5335 radas
1610 5288 1798 5336 asumuntur.
1810 5279 1864 5337 liei

214 5383 338 5432 ventura
352 5370 508 5431 serenitatis
516 5369 806 5441 tempusqoibusdam
831 5370 1009 5442 deprehendit
1064 5367 1159 5440 hyenae
1176 5370 1296 5426 restituit
1308 5369 1396 5428 oculis
1419 5369 1674 5439 monumentor
1697 5380 1805 5427 stercus
1821 5372 1866 5429 si·

215 5466 336 5532 indiciis,
355 5474 384 5522 ct
399 5479 461 5521 cum
475 5461 590 5519 cellaria
610 5475 660 5516 soa
684 5460 760 5516 aerio
779 5460 869 5516 cernit
892 5461 1008 5518 tramine
1060 5458 1162 5515 rrriiiter
1182 5468 1326 5515 etcanum
1348 5459 1461 5516 voluero
1484 5474 1583 5516 curare
1605 5459 1738 5516 noscitur.
1762 5459 1867 5517 tironis

210 5558 390 5622 madescere,
412 5552 531 5626 propriis
552 5550 674 5608 irriseris
694 5549 830 5621 repositas
853 5550 936 5606 victui
957 5567 1008 5609 suo
1058 5552 1142 5607 etiarn
1150 5567 1223 5624 aegra
1235 5550 1305 5619 iera,
1316 5552 1340 5608 si
1350 5552 1427 5609 canis
1435 5552 1520 5609 ebibit
1532 5551 1704 5623 sanguinein,
1714 5560 1867 5621 recum

216 5645 310 5718 tragos
331 5654 474 5715 exportat,
496 5653 525 5700 et
542 5643 641 5699 damna
664 5642 815 5699 dnmmdca
835 5656 1006 5715 praecavens,
1057 5643 1212 5703 sanitatem.
1226 5641 1294 5699 iiasa
1308 5649 1336 5699 et
1346 5641 1428 5701 dmus
1443 5643 1561 5700 bominis
1571 5645 1606 5700 ad
1619 5651 1722 5716 qomta
1735 5641 1865 5700 Μύσ-

219 5737 385 5793 torrentibus
402 5750 451 5792 eas
478 5734 566 5792 :aab
579 5733 644 5793 solis
669 5732 803 5801 carnem
825 5744 854 5792 et
867 5743 1005 5811 ‘tanguam
1057 5753 1121 5796 num
1140 5738 1337 5797 medicamenta
1351 5736 1486 5810 proiciat,
1504 5736 1625 5795 duleum
1636 5744 1760 5794 marrat.
