4017 6192
162 379 216 436 239
251 309 254 313 '
390 371 420 429 S.
437 368 541 427 rntm
557 364 698 423 nantum
714 362 790 418 OPP.
811 358 930 419 tortus
948 356 1014 417 SEU
1034 352 1124 415 PARS
1143 348 1422 413 [ll-OPUSCULA
1443 349 1558 408 vntttn.
1667 398 1671 403 .
1729 344 1784 404 940

163 486 247 549 tantis
264 500 297 543 ac
304 479 478 540 resalutantis
495 472 623 532 Ecclesiae
633 470 833 543 soluserpleat,
844 468 946 524 diceus:
960 474 986 534 Α
999 483 1053 523 non
1063 462 1369 538 ambigiturcommuuia
1381 456 1465 518 totius
1474 457 1603 515 Ecclesiae
1613 470 1786 515 sacratum

164 582 292 642 ”mm
312 576 468 640 willalmi
499 571 666 642 subindeque
694 566 860 640 respondens
882 584 889 620 :
913 565 947 619 Et
1000 554 1150 625 suscipere,
1164 569 1215 610 cnr
1227 552 1403 624 prohibeatur
1411 548 1564 606 communia
1577 546 1787 605 Ecclesiaewtn·

163 684 224 726 pm„
236 669 330 739 ,ng
340 677 384 720 mo
396 678 406 718 ,·
420 676 582 734 rursumque
592 658 807 717 benedictionem
821 655 894 713 ,olus
903 672 949 727 pe.
999 648 1083 703 verba
1104 644 1237 717 prolerre,
1261 660 1324 701 cum
1342 642 1468 699 videlicet
1492 641 1579 697 multo
1594 638 1707 710 majoris
1728 654 1787 697 tuo·

166 768 206 817 tat
227 766 256 815 et
279 756 388 823 rcddat;
406 769 469 811 cum
492 767 542 825 per
555 750 667 807 unitatis
681 749 783 804 intimae
796 760 949 803 sacramen·
1000 739 1085 817 tncnti
1099 739 1155 795 sint
1166 737 1342 794 Sacramenta
1356 750 1438 806 quarn
1450 732 1551 790 rerba?

165 861 222 907 tum
233 858 291 905 tota
302 845 459 919 spiritaliter
466 842 639 907 sitEcelesia,
652 839 696 895 ulti
709 836 830 907 ejusdcm
843 835 904 892 lldci
919 850 950 891 ate
1299 843 1414 902 ggpug
1442 842 1488 900 gg

165 942 292 999 fraternae
306 935 547 997 deuotionislnerit
560 926 808 1003 unapcrsonaldbi
822 928 950 984 nimirum
1021 939 1100 1007 Qggg
1121 938 1232 1012 pgpgpm
1244 937 1330 993 ΜΛ
1351 938 1386 992 ,g
1412 935 1596 992 mmmm
1617 942 1772 991 mmm

165 1034 255 1089 unitas
275 1029 349 1096 lldei,
363 1044 414 1085 nec
433 1028 459 1083 in
480 1042 533 1082 uno
547 1024 719 1081 solitudinem
737 1018 842 1092 recipit,
858 1034 908 1076 nec
923 1019 950 1073 in
1178 1009 1271 1063 ultoris
1282 1018 1433 1063 exstruxere
1443 1008 1597 1078 eongmiem.

132 1136 138 1161 ¹
165 1120 442 1194 pluribusscissnram
456 1113 620 1171 diversitatis
640 1111 769 1168 admittit.
795 1109 873 1164 duim
886 1123 951 1163 rero
1038 1096 1115 1166 Quod
1128 1096 1151 1152 sl
1164 1097 1224 1167 quis
1247 1096 1335 1151 tulllius
1349 1096 1391 1152 luis
1406 1095 1489 1151 etiam
1508 1094 1609 1150 nostris
1628 1093 1791 1166 disputatio-

166 1206 437 1282 quidprejudicatsi
448 1220 481 1260 ex
497 1218 550 1259 uno
562 1217 609 1258 ore
627 1216 722 1256 vocum
736 1199 878 1254 diversitas
889 1211 952 1265 pro-
1002 1184 1083 1242 nibus
1094 1185 1273 1242 calumniator
1283 1183 1427 1251 exstiterit,
1439 1183 1533 1240 dicens
1545 1198 1553 1238 s
1564 1184 1664 1255 lltiqne
1677 1199 1731 1243 non
1743 1184 1791 1239 de-

167 1290 240 1355 dens,
257 1298 327 1357 quas
348 1296 376 1341 et
394 1285 418 1340 si
431 1281 580 1353 perplures
594 1281 696 1348 lingna,
712 1293 765 1332 una
779 1284 870 1331 tanuen
886 1275 953 1330 tides
1002 1276 1102 1333 berea
1123 1276 1236 1347 singuiis
1263 1274 1399 1346 usurpari,
1421 1291 1481 1347 qua
1505 1275 1641 1331 communi
1668 1275 1789 1332 fidetium

168 1367 888 1444 alternatilotanamqnefleclesia(sicutjamdictum
899 1362 962 1442 ⁸⁵¹1
1003 1376 1068 1425 sunt
1085 1367 1209 1423 instituta
1224 1376 1367 1432 comentu,
1388 1374 1417 1421 ut
1442 1376 1564 1421 nontam
1583 1366 1683 1429 veritis,
1706 1381 1788 1436 quam

168 1482 251 1524 unum
264 1464 356 1537 prsenl
370 1466 555 1534 dubiocurpus
567 1470 620 1518 cst.
632 1460 711 1526 llam,
728 1468 798 1515 teste
807 1456 950 1527 Apostoln:
1005 1458 1155 1514 rationibus
1165 1457 1329 1528 acquiescat,
1343 1456 1495 1528 exemplum
1507 1457 1603 1512 damus
1613 1457 1686 1528 quod
1699 1472 1732 1513 cr
1744 1472 1790 1513 sa·

171 1558 362 1613 r'sit'stenim
385 1564 484 1624 corpus
509 1566 591 1608 unum
613 1561 666 1617 cst,
685 1559 713 1606 et
734 1548 855 1605 membra
872 1546 955 1602 habet
1004 1549 1045 1605 cri
1075 1547 1176 1619 eloquii
1212 1549 1375 1605 anctoritate
1401 1548 1554 1604 didicimus.
1588 1548 1686 1606 notum
1711 1565 1790 1605 nant·

79 1629 84 1639 ’
169 1646 377 1712 notaacnota
407 1653 498 1700 antem
521 1643 642 1696 membra
672 1639 794 1709 corporis
813 1652 876 1693 enm
899 1636 954 1689 sint
1004 1654 1057 1710 qne
1085 1647 1147 1707 est,
1174 1640 1245 1695 sicut
1271 1638 1352 1695 losnc
1378 1628 1605 1706 linro'testante,
1638 1649 1787 1697 narratur:

170 1736 264 1802 multa,
285 1751 368 1790 unum
393 1743 482 1789 tanuen
500 1746 599 1802 corpus
614 1738 678 1785 sunt
700 1743 708 1783 =
731 1730 805 1783 ilaei
816 1724 952 1782 christus
1005 1732 1076 1802 ottod
1089 1731 1135 1786 lllii
1150 1729 1257 1797 nonen,
1270 1742 1298 1786 et
1314 1724 1383 1795 Gad,
1396 1741 1424 1786 et
1442 1731 1553 1787 dimidiu
1569 1732 1655 1789 tribus
1666 1731 1791 1788 llanaese

170 1826 276 1880 illenim
287 1824 315 1879 in
330 1838 383 1879 uno
395 1823 489 1892 spiritu
510 1835 604 1876 omnes
615 1834 664 1875 nus
675 1832 759 1873 unum
774 1828 874 1888 corpus
888 1817 992 1893 bap-p
1008 1822 1154 1878 redeuntes
1167 1838 1182 1876 a
1194 1817 1257 1877 nnis
1278 1816 1360 1877 lsrael
1374 1824 1407 1877 de
1417 1819 1484 1886 Silo,
1498 1829 1528 1876 ut
1541 1821 1675 1877 intrarent
1687 1820 1791 1877 Galsad

170 1914 246 1969 tirati
267 1911 408 1984 sumusll
426 1910 487 1966 Cur.
510 1908 574 1981 sn);
596 1917 649 1964 ret
667 1907 749 1964 alibi:
771 1906 866 1962 «Cum
892 1917 957 1962 cor·
1007 1920 1108 1966 terram
1122 1908 1302 1983 possessionis
1324 1922 1391 1976 suae,
1415 1909 1616 1966 aedilleavernnt
1629 1909 1715 1965 altare
1729 1910 1791 1966 iuli·

165 2004 246 2076 'pore‚
258 2002 356 2071 iussn,
371 2010 431 2065 sno,
444 1990 515 2070 quod
530 2002 573 2054 esi
584 1996 703 2053 Ecclesia
717 1994 829 2063 (Gelon.
841 1994 875 2067 1).
887 2004 900 2047 t
1005 2000 1070 2056 nitas
1084 1999 1275 2072 magnitudinis
1288 1999 1394 2055 interra
1406 1998 1535 2055 Cluanaan
1552 2017 1559 2055 :
1576 2013 1691 2072 euinque
1704 2000 1791 2057 iratus

205 2092 235 2148 Si
249 2104 315 2163 ergo
330 2096 387 2147 tota
402 2087 521 2145 Ecclesia
535 2102 618 2142 rtnrnn
634 2081 734 2143 Christi
747 2096 848 2156 corpus
862 2092 915 2150 est,
929 2087 958 2141 et
1005 2084 1128 2162 grauiter
1140 2088 1253 2160 populus
1267 2086 1349 2144 lsrael
1371 2088 1502 2145 aduersus
1519 2104 1652 2146 cosanus
1670 2093 1791 2161 corripe·

160 2198 222 2240 etos
236 2181 362 2237 secusne
373 2174 615 2244 nemorosorum
629 2176 696 2248 guid
709 2174 821 2232 obest'sl
832 2175 958 2247 *corporis
1007 2187 1059 2243 ret,
1074 2180 1243 2251 interrogati,
1258 2195 1307 2235 cur
1320 2179 1405 2236 altare
1417 2188 1575 2236 construere
1592 2188 1692 2250 praetcr
1705 2179 1792 2235 altare

171 2274 270 2340 nostri,
290 2272 318 2328 td
339 2277 391 2337 est,
412 2270 541 2326 Ecclesiae
563 2267 662 2341 singuli
680 2268 784 2339 'mique
796 2266 958 2324 vernicula-
1007 2267 1113 2324 llutnlni
1125 2276 1226 2324 temore
1240 2268 1494 2340 praesumpsissent?
1507 2269 1722 2338 Responderunt,
1737 2283 1791 2324 noo

170 2362 376 2434 monomenta
389 2375 422 2416 ea
436 2368 521 2415 nuum
534 2358 667 2415 veraciter
685 2356 798 2413 snmnsi
811 2354 913 2428 Nenrpe
932 2353 957 2413 sl
1005 2358 1059 2414 lroc
1069 2356 1297 2430 prevaricationis
1317 2373 1409 2427 causa,
1427 2360 1475 2415 sed
1486 2373 1537 2430 pro
1547 2359 1632 2415 loturi
1645 2360 1792 2416 testimonii

171 2451 249 2507 multi
270 2464 352 2506 unum
375 2458 469 2504 somus
486 2449 512 2503 ln
527 2447 647 2513 consto,
670 2440 957 2502 totumnostruntsln·
1008 2444 1106 2504 iecisse
1118 2448 1233 2503 carnelo.
1252 2447 1316 2503 «tic
1327 2448 1446 2519 quando,
1462 2449 1595 2519 inquiunt,
1611 2449 1733 2506 dicerent
1744 2451 1792 2505 lilii

170 2540 226 2610 guli
241 2526 410 2610 possidemus
430 2537 558 2609 inipso:
575 2544 657 2607 atqate
681 2534 753 2603 ideo,
778 2534 841 2591 lieet
859 2534 957 2591 remoti
1007 2539 1091 2594 vestri
1114 2537 1176 2595 liliis
1200 2540 1301 2595 nostris
1312 2554 1320 2594 τ
1333 2538 1404 2607 Quid
1422 2539 1510 2605 rolris,
1521 2550 1549 2595 et
1564 2539 1743 2597 lltmriuolleo
1755 2540 1794 2597 ls-

171 2631 264 2703 procul
279 2631 314 2687 ab
327 2629 447 2686 Ecclesia
458 2629 598 2683 uideamur
612 2634 662 2697 per
672 2625 845 2682 solitudinem
859 2636 953 2695 corpo
1009 2629 1086 2685 racll
1103 2630 1259 2685 ferminum
1273 2632 1363 2701 posuit
1383 2631 1511 2687 Dourdms
1532 2632 1604 2687 inter
1624 2647 1674 2687 nos
1703 2640 1731 2687 et
1747 2648 1796 2691 ros

174 2737 246 2788 rum,
261 2722 290 2776 in
302 2736 334 2777 ea
349 2732 438 2776 tamen
460 2717 662 2789 prae‘seotlsslml
685 2728 793 2785 semper
806 2713 959 2769 assisllmut
1008 2718 1152 2775 lordanem
1163 2717 1282 2787 durium,
1294 2728 1322 2776 et
1336 2718 1438 2776 idcirco
1455 2729 1561 2793 partem
1574 2736 1627 2777 non
1642 2721 1748 2778 hahetis
1767 2724 1796 2778 in

175 2827 224 2881 per
233 2810 346 2866 unitatis
368 2808 522 2865 inviolabile
533 2814 743 2862 sacratnmnum.
759 2804 858 2875 Slcque
876 2804 917 2871 lit,
930 2812 961 2858 ut
1011 2808 1124 2864 donnino
1137 2826 1144 2862 :
1157 2818 1186 2863 et
1197 2823 1245 2880 per
1259 2809 1329 2866 hatte
1342 2812 1513 2866 occasionem
1528 2820 1652 2868 urertcnt
1670 2812 1718 2869 ulti
1749 2827 1797 2870 te·

175 2900 247 2971 tpnod
266 2908 308 2955 est
327 2897 457 2964 omnium,
484 2896 521 2952 sit
537 2895 623 2950 etiam
644 2894 831 2966 singulorum
845 2900 875 2949 et
888 2889 961 2964 qnod
1009 2899 1059 2954 stri
1070 2897 1140 2955 dllos
1151 2909 1285 2956 nostrosa
1300 2901 1396 2957 timore
1408 2900 1515 2958 llomlni
1526 2903 1594 2976 (loe.
1606 2904 1684 2975 uxta).
1699 2923 1710 2958 r

176 2993 336 3065 quibusdam
351 3000 394 3047 est
406 2989 580 3060 singulariter
592 2987 719 3058 speciale,
742 2986 867 3043 omnibus
889 3000 959 3057 quo·
1045 2988 1101 3043 Cur
1125 2998 1215 3043 antem
1237 2989 1356 3045 historiae
1372 2990 1452 3061 huius
1467 2990 1608 3048 articulum
1626 2993 1660 3048 nd
1677 2992 1795 3050 medium

174 3100 230 3159 ipre
244 3086 283 3161 sit
298 3085 324 3140 in
339 3083 402 3141 dulei
425 3082 607 3140 etcnaritatts
622 3082 777 3153 integritate
800 3095 958 3148 commune;
1011 3077 1211 3147 deduxerimus,
1237 3081 1260 3136 si
1284 3081 1328 3137 cui
1346 3079 1462 3139 tortasse
1479 3098 1534 3140 non
1554 3092 1657 3155 pateat,
1677 3084 1797 3142 breuiter

178 3185 250 3233 utet
263 3174 380 3248 populus
399 3180 471 3230 recte
480 3172 578 3231 chmet
591 3187 599 3227 z
611 3190 627 3224 a
646 3168 774 3228 lllsererc
792 3171 858 3241 mei,
877 3168 958 3238 oeus,
973 3158 996 3231 C
1012 3170 1158 3242 aperimus.
1185 3170 1296 3228 Poterat
1321 3187 1419 3244 nempe
1440 3175 1619 3244 quorumdam
1638 3175 1797 3247 simplicitas

176 3266 307 3321 nrlserere
332 3264 385 3320 mei
405 3261 490 3335 (Paul.
502 3257 596 3332 ·t.tt).'t
615 3260 648 3316 st
664 3278 672 3315 :
689 3277 700 3312 e
716 3258 834 3316 Deustin
856 3258 961 3328 atleto·
1011 3259 1127 3317 lrutrum
1140 3262 1248 3329 tentari,
1261 3271 1291 3318 ut
1304 3260 1502 3334 quodammodo
1516 3275 1671 3338 segregatus
1682 3281 1715 3323 se
1726 3281 1742 3321 a
1754 3282 1798 3323 so·

174 3360 344 3414 rmmmeun.
357 3354 841 3426 intendctllominead‘adluvandum
851 3351 963 3408 meles·
1012 3350 1110 3407 eierato
1134 3350 1254 3408 ddclinm
1276 3353 1418 3418 ducerent,
1445 3354 1467 3410 si
1495 3352 1521 3410 in
1545 3355 1692 3412 solitudine
1703 3357 1797 3429 positi,
1838 3366 1841 3372 '

182 3444 442 3519 tinnimentum).
461 3445 574 3514 tatone
588 3459 657 3499 nnus
677 3442 960 3513 homojurepronun-
1012 3442 1094 3499 etlam
1118 3443 1272 3498 communia
1294 3438 1422 3500 Ecclesiae
1436 3443 1515 3499 verba
1528 3444 1687 3516 depromere
1699 3446 1727 3503 in
1740 3447 1798 3503 suis
1842 3468 1848 3473 ·

180 3541 229 3594 tiet
244 3556 251 3591 :
264 3557 279 3591 -r
299 3538 369 3593 [teus
391 3539 551 3594 misereamr
568 3538 677 3602 nostri,
700 3546 728 3592 et
746 3537 889 3592 ltenedicat
914 3550 963 3592 not
1013 3526 1180 3588 orationibus
1194 3548 1247 3613 non
1264 3535 1404 3590 auderent.
1428 3532 1546 3590 lltuntur
1556 3535 1638 3608 igitur
1647 3538 1798 3592 communi·

181 3627 267 3701 (Psoi.
282 3630 365 3701 tun).
380 3644 396 3681 s
412 3628 498 3695 Quam
517 3625 642 3683 videlicet
666 3627 785 3681 lidelium
800 3624 900 3682 christi
913 3640 962 3681 ne·
1012 3619 1064 3676 bns
1076 3622 1166 3678 remis
1187 3618 1334 3689 Ecclesiae,
1354 3633 1384 3678 ut
1397 3624 1423 3678 in
1437 3623 1619 3681 ecclesiastiea
1633 3640 1663 3682 se
1676 3641 1798 3685 commu·

181 3719 385 3783 cessitudincm
399 3726 427 3773 et
439 3717 654 3773 communionem
669 3718 755 3772 sancti
770 3716 865 3774 Patres
877 3716 962 3773 nostri
1014 3711 1095 3767 niune
1116 3713 1229 3769 doceant
1252 3724 1423 3783 permanete,
1435 3724 1517 3784 alque
1537 3715 1594 3786 ipsa
1608 3716 1689 3772 rerba
1707 3716 1798 3772 anino

177 3814 262 3863 'tarne
280 3806 448 3862 „artitudinis
463 3820 526 3862 esse
543 3804 641 3873 debere
661 3805 824 3871 decrevere,
839 3814 870 3860 ut
893 3805 963 3861 hane
1014 3803 1183 3859 satislaeiant
1203 3802 1359 3871 lluetuanti,
1381 3820 1441 3877 quae
1461 3807 1643 3862 testimonium
1657 3807 1800 3878 pernibent

181 3896 454 3970 syrultolucstlrolicae
469 3894 646 3967 professionis
665 3904 841 3966 apponerent,
862 3903 890 3951 et
908 3893 964 3950 ire·
1014 3894 1165 3964 praessura
1175 3892 1297 3949 lldellnm
1310 3895 1453 3964 spirituali.
1465 3892 1550 3951 Porro
1563 3905 1653 3951 autem
1663 3895 1700 3952 illi
1710 3898 1798 3954 altare

175 3987 362 4056 cruentandam
381 3985 460 4042 nobis
478 3986 551 4042 inter
561 3987 620 4058 ipsa
634 3985 795 4043 Christianae
809 3985 871 4055 lldei
887 3986 963 4045 rudi·
1014 3982 1227 4049 aedificaverunt,
1246 3998 1300 4039 non
1315 3985 1350 4039 sd
1360 3999 1437 4040 usum
1455 3984 1624 4050 libaminum,
1647 3987 1695 4043 sed
1710 3986 1743 4042 ad
1758 3985 1799 4044 ri·

175 4086 273 4134 menta
294 4078 465 4133 inundarent.
480 4076 548 4133 llam
561 4090 624 4133 mox
641 4088 671 4133 ut
687 4078 801 4134 dicimus
817 4095 825 4134 z
841 4076 963 4134 Gredoin
1014 4074 1096 4130 carias
1114 4087 1176 4130 cum
1201 4072 1347 4131 israelitica
1366 4074 1444 4146 plelre
1457 4076 1595 4134 societatis
1606 4076 1801 4145 tucidumet·

179 4166 308 4239 mmmm
322 4178 451 4233 ausuum,
465 4178 582 4222 sennem
600 4166 763 4234 Ecclesium·
777 4167 902 4238 protinus
916 4167 965 4223 ad·
1014 4175 1060 4224 cut
1085 4174 1113 4222 et
1139 4167 1192 4239 ipsi
1210 4169 1289 4238 quad
1305 4168 1364 4237 iam
1381 4182 1541 4239 expersum
1553 4168 1670 4225 tiliorum
1687 4184 1800 4228 suorum
1830 4170 1833 4175 '

179 4258 274 4314 dimus
287 4275 295 4311 z
309 4254 465 4312 Sanctorum
483 4258 710 4321 communionem,-
724 4263 755 4310 m
771 4255 816 4311 nbi
837 4255 891 4311 [leo
903 4255 964 4311 ndei
1015 4255 1109 4325 dieunt
1123 4271 1132 4310 s
1145 4275 1155 4309 r
1169 4255 1239 4312 lices
1251 4254 1336 4314 altare
1348 4257 1470 4325 llomisi,
1482 4258 1555 4329 quod
1572 4255 1694 4313 lecerunt
1705 4267 1802 4329 patrm

178 4357 281 4402 nsum
301 4345 486 4400 testimonium
509 4344 666 4400 reddimus:
680 4344 717 4399 ibi
736 4345 819 4398 etiam
840 4354 964 4399 commu·
1017 4347 1115 4414 nostri,
1130 4361 1183 4403 non
1195 4348 1222 4403 in
1235 4348 1404 4416 holocausta,
1423 4363 1511 4421 noque
1523 4347 1738 4415 insacrldclnm,
1750 4349 1802 4406 sed

179 4439 290 4493 ationem
301 4436 438 4502 Ecclesia,
452 4450 513 4507 quar
522 4448 721 4491 cumeonnum
733 4444 784 4501 est,
798 4449 965 4506 eousuqnen·
1016 4436 1044 4492 in
1065 4437 1247 4493 testimonium
1272 4447 1394 4495 nostrum
1416 4454 1449 4496 ac
1467 4448 1588 4497 restrum
1607 4438 1742 4511 istu-ld
1760 4430 1800 4491 llll

182 4540 224 4584 ter
237 4529 418 4584 adstruamus.
435 4526 597 4584 Sanctorum
608 4527 744 4597 siqnidem
759 4527 815 4583 lraee
834 4536 877 4582 cst
891 4527 918 4581 in
935 4526 967 4582 ll·
982 4512 1004 4572 ὓ
1020 4524 1146 4581 nimirum
1160 4525 1187 4582 id
1201 4525 1369 4584 leceruntad
1390 4528 1571 4596 testimonium
1590 4528 1742 4585 lsraellticre
1755 4547 1802 4589 so·

178 4620 225 4673 dei
242 4618 346 4673 truitate
356 4618 524 4683 commuuio,
537 4627 567 4671 ut
575 4617 699 4671 inunum
713 4616 798 4673 heum
808 4616 965 4684 credentes,
1019 4617 1136 4684 cietatis,
1159 4631 1209 4673 nos
1230 4617 1282 4673 ista
1305 4619 1421 4674 dicimus
1441 4618 1477 4674 olr
1490 4617 1595 4689 signum
1612 4618 1803 4676 sectaturae

178 4724 237 4764 nrm
249 4709 412 4779 baptismate
427 4709 480 4764 sint
493 4709 592 4774 renati,
608 4718 770 4763 unosaneto
782 4706 888 4778 Spiritu
903 4720 967 4763 coo·
1019 4707 1154 4764 veraciter
1177 4707 1298 4764 unitatis.
1320 4706 1361 4764 llli
1379 4721 1413 4763 oe
1429 4708 1632 4777 despicerentur
1644 4723 1661 4763 a
1673 4707 1803 4766 tratribus

179 4801 292 4866 *firmati
311 4800 345 4855 ad
363 4813 443 4854 unam
457 4799 538 4854 eitam
553 4807 683 4855 aeternam
707 4801 762 4855 sint
783 4799 967 4870 pergratiam
1020 4796 1096 4863 suis;
1119 4809 1214 4853 nosne
1228 4796 1433 4852 remordeamur
1448 4796 1803 4866 acogttationtuusnustrn.

183 4890 336 4961 adoptionis
345 4890 451 4946 adsciti.
1021 4884 1059 4942 lili
1074 4886 1172 4942 terreni
1185 4885 1279 4941 altaris
1289 4894 1448 4942 exstruxere
1458 4886 1675 4952 similitudinem,
1687 4901 1737 4941 nos
1748 4887 1800 4957 spi·

119 5032 124 5041 ,
218 4978 296 5036 Sient
310 4988 397 5034 autem
415 4980 504 5045 homo,
519 4980 731 5051 Grecoeloquio
747 4980 848 5035 dicitnr
870 4978 969 5033 litero·
1020 4974 1106 5033 rita'lis
1132 4977 1283 5033 concordiae
1304 4976 1470 5033 ostendimus
1483 4975 1636 5032 ueritatem.
1649 4974 1687 5031 llli
1712 4976 1745 5030 ad
1760 4990 1795 5030 os

185 5084 297 5138 cosmus,
312 5070 426 5134 trecen,
441 5070 529 5124 minor
542 5064 806 5139 mundns,quoniam
814 5081 866 5138 per
880 5077 967 5123 mate·
1020 5062 1182 5121 tendendum
1201 5066 1243 5121 sui
1262 5065 1370 5136 generis
1384 5066 1584 5132 testimonium3
1595 5080 1645 5122 nos
1659 5067 1693 5121 ad
1710 5075 1808 5122 tenens

182 5163 279 5219 riamm
302 5162 449 5217 essentiam
470 5160 570 5215 eisdem
589 5156 704 5229 cuatuor
722 5158 864 5215 elernentis
885 5158 967 5214 horno
1021 5154 1084 5211 dum
1099 5166 1174 5210 nom
1188 5155 1399 5226 regenerationis
1414 5164 1442 5210 ct
1466 5154 1594 5211 lrsternae
1606 5156 1808 5212 communionis

186 5261 302 5316 constat,
311 5252 443 5323 qrrilsnset
456 5250 616 5305 uniuersalis
629 5249 673 5304 lrie
685 5248 800 5303 mundns
811 5263 819 5314 ς
830 5248 871 5303 ita
884 5248 967 5302 etiam
1022 5246 1176 5306 inviolabde
1187 5256 1396 5303 sacramentum.

187 5344 372 5411 unusquisque
393 5341 509 5397 fidelium
525 5340 600 5409 quasi
615 5339 736 5408 quedam
752 5339 839 5393 minor
859 5339 968 5393 videtur
1265 5362 1346 5434 ,ῃ
1370 5360 1484 5419 Cgpm-
1503 5310 1559 5418 {gg

186 5446 248 5529 Ψ
256 5432 460 5495 300¹ffll³2d¹¹¹⁰
472 5429 638 5502 23⁰⁸³¹V⁰
651 5428 762 5482 ”muns
776 5441 882 5482 πωπω
896 5441 968 5499 ΙΨ·
1022 5449 1077 5505 Cur
1099 5450 1217 5521 digamus
1243 5468 1260 5505 s
1285 5452 1430 5506 sacerdotio
1449 5451 1553 5506 omuino
1577 5449 1720 5518 repellitur,
1745 5462 1806 5501 eun

189 5523 360 5584 terto,etiam
379 5532 474 5576 eurrcta
493 5517 819 5588 redemptionislrumanae
838 5531 907 5570 nnus
921 5517 969 5571 ho·
1056 5522 1084 5573 in
1109 5520 1309 5589 {nutricationem
1332 5519 1421 5591 inpetu
1443 5537 1511 5590 turpe
1536 5523 1564 5574 in
1586 5518 1712 5575 Ordinem
1736 5532 1806 5571 reso·

188 5628 233 5669 mo
247 5614 359 5681 suscipit
374 5622 553 5674 sacramenta.
568 5626 628 5681 quc
649 5611 698 5680 ipsi
716 5609 862 5665 uniuersali
878 5608 969 5664 Ecclc·
1057 5599 1141 5687 ⁶⁶¹¹&-

189 5706 236 5760 ιιι
263 5713 326 5757 sunt
350 5701 479 5756 diuinitus
504 5704 642 5758 attributa.
662 5702 691 5756 Si
713 5715 778 5771 ergo
800 5716 870 5756 nnus
884 5701 968 5755 ‘lromo
1057 5697 1183 5765 Quadam
1200 5712 1316 5768 numque
1338 5696 1405 5753 irunt
1427 5698 1455 5754 in
1473 5696 1607 5764 Ecclesia,
1629 5711 1690 5768 quae
1709 5708 1805 5767 super-
