4017 6192
247 370 298 427 aar
374 342 383 365 “
457 355 461 361 ’
759 374 791 430 s.
811 368 913 432 aurat
932 375 1073 433 ιιιιιιιιιι
1093 370 1172 434 alan
1192 376 1378 439 catttcdtt.
1718 452 1723 459 ,
1827 399 1879 454 ιιι

245 495 380 560 poteraut,
398 482 605 557 earneulcabaat,
626 499 655 546 et
675 498 705 547 ut
724 490 804 559 lartius
827 491 927 564 negotii
952 492 1038 564 magis
1052 501 1075 559 Α
1090 494 1287 563 parvipendens
1300 497 1376 553 illud
1397 501 1540 573 subiugarc
1561 520 1671 577 suaeque
1695 508 1791 568 r'itirmi
1813 516 1880 570 sab·

245 578 422 635 intortunium
437 595 517 650 quarn
532 580 697 651 triumphum
710 582 795 638 abbas
811 584 974 649 incurreret,
989 598 1037 637 oe·
1090 583 1197 639 urittcre
1209 586 1286 655 quasi
1301 589 1461 646 temerarius
1479 594 1569 651 studet
1590 598 1706 654 invasor.
1726 600 1803 658 tane
1817 603 1861 659 illc
1885 572 1888 583 ¹

245 670 326 727 cultis
334 670 579 729 arracbiaatiouibus
588 671 767 729 fabricabant.
775 674 843 730 liam
854 676 1039 745 uuusquisque
1089 671 1217 742 quiaiaar
1232 691 1288 731 suae
1306 676 1434 748 aequitiae
1446 692 1526 753 caput
1543 658 1706 745 attritumct
1723 691 1822 749 tecutis
1843 646 1881 751 ri1

245 777 354 817 causam
366 776 445 817 suam
459 761 485 816 in
497 762 601 832 iudicio
610 765 654 837 agi
665 766 802 830 credebat,
813 782 874 823 euru
886 766 1038 837 coepiscopi
1088 779 1180 835 gaman
1191 763 1247 835 iarn
1258 782 1326 837 petre
1335 769 1590 839 seusiteruortnuru,
1606 792 1696 833 corana
1706 791 1804 838 cuncto
1815 800 1880 839 mn·

245 851 382 923 negotium
393 851 515 907 lloruaua
525 853 659 910 discussio
669 857 826 923 ventilabat,
839 858 901 927 qula
912 858 934 912 si
945 856 1037 913 abbati
1089 853 1153 910 eilio
1165 872 1274 912 causam
1297 870 1457 917 narraturus
1479 866 1607 936 assurgit.
1623 867 1684 923 ilos
1708 886 1741 926 ea
1766 882 1880 943 utraque

245 942 326 1014 buius
342 942 382 997 rei
396 941 510 997 victoria
530 947 702 1014 proueniret,
723 947 837 1018 quilibet
851 949 1038 1019 episcoporum
1089 955 1166 1016 parte
1179 963 1260 1004 causa
1274 952 1429 1020 exponitur,
1452 965 1480 1008 et
1493 957 1635 1029 utriusque
1655 961 1741 1030 partis
1754 960 1881 1031 attenuata

245 1032 283 1089 illi
297 1031 414 1105 amplius
427 1034 556 1089 resistere
568 1048 622 1090 nou
637 1037 758 1092 auderet.
778 1036 864 1106 liujus
879 1038 961 1109 igitur
973 1054 1037 1094 cau·
1088 1036 1244 1092 ventilatur.
1262 1038 1390 1096 Romanae
1410 1026 1539 1101 Eeclcsie
1562 1046 1631 1102 lecta
1655 1058 1719 1105 suut
1741 1052 1881 1122 peniteas

245 1126 305 1184 telae
317 1126 406 1183 studio
417 1127 572 1198 constipati,
588 1128 662 1183 illurn
674 1130 838 1202 adjuvaturi,
853 1139 882 1185 ut
895 1131 1040 1186 absisteret
1089 1137 1183 1181 cetura
1205 1143 1265 1197 qne
1288 1130 1430 1202 episcopus
1448 1134 1536 1204 egisse
1558 1149 1719 1207 accusatum
1737 1157 1820 1198 causa
1834 1096 1881 1199 rie·

245 1218 404 1273 incitabant,
423 1218 477 1276 seo
494 1230 587 1275 nostor
601 1220 738 1279 nonanus
755 1223 927 1294 belligerator
940 1224 1037 1280 norum
1088 1215 1218 1285 lenditer,
1231 1218 1309 1291 culpa
1323 1222 1480 1293 imponitur,
1495 1229 1678 1284 enarrer-easta
1692 1231 1798 1290 meritis
1812 1248 1878 1305 par·

245 1310 446 1366 machinatione
465 1321 492 1367 ot
507 1327 559 1366 non
582 1314 658 1382 poi-pi
681 1314 821 1385 pondendo
835 1314 1038 1385 conspiratione
1089 1307 1157 1362 tium
1168 1311 1349 1366 exatninatur.
1363 1310 1485 1370 Tandem
1496 1325 1557 1387 posi
1567 1317 1665 1374 blitilde
1679 1320 1878 1389 cotttcutiouee,

245 1399 405 1470 praerloctus,
431 1400 471 1455 sic
495 1402 664 1470 postumatum
687 1403 766 1473 iratius
789 1419 879 1460 causae
900 1405 1038 1474 peroravit
1088 1400 1301 1472 obsidibusque
1313 1402 1398 1473 partis
1411 1405 1499 1461 uarias
1511 1407 1761 1481 alencionensem
1775 1412 1879 1483 elisw-

245 1489 393 1559 negotiurn,
406 1496 436 1542 ut
446 1504 515 1559 quos
524 1489 693 1583 illeoceultos
702 1491 760 1560 iarn
771 1494 878 1548 tenebat
888 1493 1037 1564 arljntores,
1089 1505 1139 1559 pus
1153 1502 1247 1546 eotrtra
1261 1486 1400 1566 priuilegia
1415 1510 1445 1551 se
1458 1512 1512 1552 tran
1531 1499 1620 1569 egisse
1636 1516 1753 1572 purgare
1762 1517 1816 1557 noa
1830 1517 1879 1573 po·

244 1587 353 1647 apertos
374 1579 546 1649 posnanauar
567 1595 622 1635 sue
644 1598 731 1638 caasa
755 1583 881 1639 traaaerir
901 1586 1038 1640 contradi·
1089 1591 1171 1647 terat,
1186 1585 1220 1636 aa
1234 1583 1313 1650 buius
1325 1585 1471 1642 decisionis
1492 1588 1625 1644 calcatura
1644 1606 1688 1645 res
1705 1591 1756 1646 isra
1777 1592 1878 1663 perdu-

244 1679 344 1725 ctores.
358 1669 425 1725 Nam
437 1670 463 1725 in
474 1670 654 1747 cabillonensi
667 1672 781 1730 ecelesia
793 1688 891 1730 errnete
902 1677 1038 1732 r·esideate
1089 1672 1169 1726 citur.
1193 1671 1398 1743 interrogautur
1420 1677 1560 1746 episcopi,
1583 1679 1607 1731 si
1629 1681 1782 1747 apostoliea
1806 1681 1879 1737 sedis

244 1759 370 1822 coneilio,
390 1771 543 1830 postquam,
563 1770 593 1815 ut
613 1762 742 1819 lloruauac
758 1763 852 1836 synodi
869 1767 1037 1821 consuetude
1089 1770 1149 1816 rata
1163 1761 1341 1818 decernerent
1362 1763 1502 1836 privilegia
1524 1774 1552 1820 ct
1574 1768 1600 1823 in
1622 1782 1672 1824 suo
1696 1780 1798 1836 tenore,
1819 1788 1880 1842 qun

245 1852 376 1921 depaseit,
393 1855 594 1924 praedicationis
609 1858 720 1912 terbum
744 1857 846 1924 llrriuit,
863 1860 918 1914 tale
942 1859 1036 1916 rbeto·
1053 1853 1157 1931 nteera
1177 1864 1251 1921 surrt,
1266 1856 1327 1911 siae
1337 1857 1446 1914 laesione
1461 1858 1596 1914 durantia.
1610 1860 1711 1918 ornnes
1725 1871 1783 1918 rata
1796 1873 1826 1918 et
1837 1862 1880 1922 iu·

244 1942 308 1996 ricae
327 1942 469 1999 lucrationis
482 1961 597 2002 exorsus
612 1954 655 2001 est
675 1949 846 2018 prooemiuru,
861 1949 933 2019 qued
947 1948 1037 2004 luten·
1088 1962 1219 2003 coueussa
1235 1964 1347 2004 tuauere
1372 1948 1509 2004 definitiva
1532 1950 1668 2007 sententia
1691 1930 1880 2010 decreuerunt.

245 2041 287 2088 tos
300 2033 381 2089 sirnul
395 2045 422 2089 et
436 2035 580 2092 benevolos
592 2035 696 2094 laceret
709 2038 856 2094 auditores.
1088 2034 1164 2092 'lanc
1182 2037 1241 2108 ipse
1269 2036 1474 2095 matisconensis
1502 2038 1645 2111 episcopus
1673 2055 1736 2095 cunr
1759 2041 1880 2113 quinque

386 2141 544 2182 nossemus
560 2143 719 2191 toeuatoats
736 2145 895 2187 ructemus.
949 2141 956 2159 ’
1087 2127 1207 2199 eiusdear
1221 2127 1348 2184 Ecetesta
1362 2128 1469 2183 clericis
1483 2129 1592 2200 propria
1606 2143 1687 2185 uranu
1696 2129 1879 2204 iuraritffli,

281 2218 324 2274 l8.
338 2219 378 2273 bal
396 2229 502 2280 restrae,
516 2219 612 2291 inquit,
634 2220 815 2278 fraternitatis
836 2221 966 2277 auxilium
981 2220 1037 2278 lia·
1088 2217 1151 2289 quia
1168 2218 1240 2288 qnod
1254 2227 1349 2273 eontra
1361 2217 1556 2273 monasterium
1569 2233 1599 2273 se
1618 2221 1708 2290 egisse
1732 2219 1878 2287 recolebat,

244 2324 323 2364 mana
338 2324 387 2364 uos
401 2309 536 2381 delegarit
549 2312 709 2379 auctoritas,
727 2322 755 2368 et
768 2313 845 2383 quasi
864 2314 899 2368 atl
911 2313 1040 2369 cbarissi·
1088 2322 1177 2378 raeque
1198 2309 1232 2363 ad
1252 2309 1379 2380 iujuriam
1402 2308 1558 2379 apostolice
1581 2309 1663 2374 sedit·
1686 2326 1775 2381 ttedlttl
1795 2312 1880 2384 ipsius

245 2416 305 2456 utos
314 2401 415 2455 iratres
425 2409 518 2456 nostra
530 2403 681 2458 eommunis
691 2412 779 2459 mater
790 2402 936 2460 destinarit
945 2401 1041 2459 Eccle-
1088 2417 1165 2475 papiae
1176 2401 1290 2468 iecerat,
1302 2417 1390 2474 neque
1400 2402 1488 2459 adbuc
1500 2403 1702 2474 priuilegierum
1713 2414 1835 2464 ωιιιιιειιι
1844 2409 1881 2465 ari

244 2490 295 2545 sia.
324 2490 422 2546 Vestra
446 2507 563 2563 namque
590 2492 642 2549 sibi
664 2494 758 2559 ‚debita
785 2504 879 2551 saneta
910 2495 1040 2552 adelinae
1089 2492 1218 2563 liquidum
1238 2499 1360 2548 norerat.
1375 2491 1434 2547 'lali
1450 2493 1530 2548 uredo
1547 2493 1760 2550 iatcrtlemnurn
1773 2495 1880 2564 episco-

245 2581 359 2649 eanllsa,
373 2597 455 2652 quam
478 2584 561 2639 etiarn
576 2584 604 2639 in
623 2584 760 2640 uonuullis
781 2585 839 2642 sab
854 2585 969 2657 negotiis
992 2600 1040 2641 ea·
1089 2590 1194 2656 proruet
1207 2583 1333 2639 abbatem
1350 2581 1429 2652 brrjus
1443 2598 1532 2640 causae
1551 2583 1689 2656 negotium
1702 2594 1883 2645 eorrstatesse

245 2682 374 2743 pertaest
387 2672 531 2746 profuisse,
547 2675 678 2746 quidquid
692 2676 719 2732 iu
733 2675 793 2733 istis
801 2676 923 2748 partibus
934 2677 1040 2749 iniuria·
1088 2677 1206 2748 sopitum
1229 2686 1255 2732 et
1270 2676 1356 2748 pbaae
1374 2674 1525 2731 definitioni
1546 2676 1686 2732 traditum.
1707 2675 1788 2734 Pacis
1810 2678 1883 2735 iuter

244 2768 361 2837 patitur,
387 2775 479 2825 restra
502 2784 552 2825 nos
564 2768 709 2840 adorante
728 2769 911 2842 prouidentia,
931 2770 983 2829 sibi
1010 2778 1041 2825 ut
1089 2782 1137 2824 ees
1151 2767 1252 2824 icelent
1264 2766 1442 2833 collocantur,
1465 2766 1612 2823 simultatis
1623 2766 1714 2839 iurgia
1727 2767 1880 2839 propellan-

246 2856 405 2913 emendetur
419 2867 539 2929 exoptat.
555 2858 608 2915 Per
621 2875 672 2916 nus
687 2860 821 2931 siquidem
833 2876 925 2918 eoram
947 2870 1038 2917 restra
1089 2856 1295 2913 melisendam
1317 2871 1426 2929 qaeqm
1446 2856 1551 2929 synodo
1565 2858 1690 2928 queam
1715 2867 1780 2914 suut
1798 2858 1884 2917 eceb·

246 2948 392 3004 sanctitate
404 2948 526 3005 liemaua
538 2949 703 3007 bmeutmar
713 2949 843 3014 Ecclesia,
858 2951 930 3022 quod
942 2950 1041 3007 multo·
1089 2946 1198 3007 siastiea
1219 2936 1335 3002 censura
1359 2953 1493 3013 correcta,
1512 2946 1635 3017 qaedam
1660 2946 1798 3003 sandaricae
1819 2964 1883 3004 saar-

248 3053 308 3094 ruur
327 3039 465 3095 bonriaam
481 3039 625 3096 insolentia
647 3039 746 3096 drultas
767 3042 839 3096 inter
858 3055 906 3095 ros
919 3040 1040 3112 quotidie
1090 3038 1188 3094 ctieuis
1200 3038 1293 3109 rigore
1305 3046 1418 3104 statuta,
1440 3047 1468 3094 et
1482 3040 1547 3094 duan
1569 3054 1618 3111 pro
1632 3039 1713 3097 uarius
1735 3056 1825 3101 eautae
1841 3041 1884 3103 ia·

247 3131 350 3201 patitur
364 3130 550 3186 coutumelias.
566 3131 760 3190 Verumtamen
774 3132 845 3188 iuter
864 3117 966 3188 caetera
978 3149 1039 3205 quae
1089 3130 1159 3186 tuitn
1174 3131 1293 3203 synodus
1308 3141 1471 3204 congregata
1494 3132 1578 3190 luisse
1602 3135 1773 3205 decernitur,
1792 3138 1885 3199 untur

247 3221 299 3276 sibi
322 3221 446 3277 everrisse
460 3221 626 3289 corraderet,
647 3238 732 3280 unum
756 3223 821 3295 quid
835 3239 933 3279 trorum
948 3234 976 3280 et
998 3224 1039 3280 irr-
1053 3233 1076 3295 c
1091 3222 1263 3293 postmodum
1273 3223 1363 3279 eaesis
1379 3232 1487 3279 constat
1497 3222 1581 3280 luisse
1596 3225 1754 3294 proficuam.

249 3322 386 3382 numiam
401 3327 461 3367 eam
476 3328 529 3367 nou
543 3313 679 3369 modicum
690 3313 868 3383 perturbavit.
884 3312 951 3369 Cum
967 3314 1040 3370 enirn
1375 3329 1409 3369 ne
1423 3329 1597 3371 nereasrouc.

248 3402 330 3475 buius
351 3404 455 3459 sinistri
470 3402 673 3461 rumorisiaura
698 3404 779 3461 totius
797 3404 911 3461 bomani
933 3404 1040 3461 concilii
1127 3407 1175 3461 20.
1195 3404 1301 3460 luterea
1330 3405 1460 3460 redeundi
1490 3422 1567 3461 anrer
1590 3408 1721 3476 oeertrrit,
1746 3412 1885 3481 repensat

248 3498 354 3553 aeriter
365 3497 528 3568 percelleret
547 3497 664 3565 auditus,
679 3511 774 3554 amares
785 3497 887 3567 pariter
901 3496 928 3552 iu
939 3511 1039 3551 urmre·
1093 3495 1198 3552 itineris
1217 3494 1295 3550 labor
1312 3494 1455 3549 incumbit.
1472 3493 1595 3551 Licentia
1610 3496 1723 3568 petitur,
1737 3498 1785 3552 sed
1800 3496 1884 3553 licen·

248 3602 305 3644 tera
323 3588 445 3644 simulet
463 3588 668 3643 adarimtiauenr
685 3586 809 3644 conuersi
831 3596 903 3641 suut.
917 3584 1042 3656 Canaque
1093 3587 1130 3642 tia
1150 3585 1310 3657 protelatur.
1326 3584 1386 3656 lpse
1398 3585 1472 3641 enirn
1496 3586 1581 3642 abbas
1604 3601 1666 3642 cunt
1686 3587 1743 3643 suis
1766 3596 1886 3644 tractare

248 3683 294 3740 diu
309 3691 447 3753 protracta
461 3681 664 3744 deliberatione,
680 3696 771 3751 quern,
792 3677 899 3751 qualem
913 3689 941 3735 et
952 3695 1042 3750 quau·
1093 3677 1175 3747 carpit
1188 3676 1323 3747 quomedo
1333 3676 1402 3731 tanti
1416 3675 1495 3732 labor
1510 3677 1618 3735 itineris
1629 3676 1744 3747 alieuius
1762 3678 1886 3736 muueris

248 3783 306 3845 tarn
321 3787 371 3843 pro
387 3781 468 3828 tarrae
482 3771 740 3842 reiprasuraptione
751 3768 888 3826 destinare
901 3768 1041 3835 deberent,
1093 3767 1313 3840 eorupensatione
1343 3765 1522 3840 let'igaretum
1544 3770 1648 3827 sciebat
1659 3770 1733 3828 enirn
1747 3772 1820 3828 hune
1836 3771 1887 3829 bo·

248 3879 299 3921 uas
309 3866 416 3921 demunt
424 3864 535 3919 mittere
545 3863 732 3919 decreuerunt.
743 3861 829 3918 labec
836 3875 1044 3931 rraraquequan·
1093 3860 1194 3914 aunem
1219 3859 1363 3930 pecrruiara
1377 3875 1431 3915 uon
1441 3858 1544 3926 amare,
1558 3876 1672 3918 munera
1685 3877 1824 3934 spernere.
1840 3878 1885 3921 so·

249 3966 307 4013 tum
322 3970 403 4027 saper
414 3955 466 4010 boe
480 3954 600 4010 bumana
612 3953 685 4010 delet
696 3951 836 4016 Ecclesia,
859 3950 958 4006 iratres
977 3950 1042 4014 arei,
1093 3949 1145 4005 lius
1161 3948 1379 4019 pietatisintultu
1397 3958 1501 4005 tantum
1519 3951 1667 4022 sumpsisse
1678 3953 1810 4008 laborem.
1827 3950 1884 4008 ‘lar-

249 4046 419 4117 perpendite,
438 4046 568 4117 quianon
586 4043 801 4108 subrliaeorrurn,
816 4057 871 4098 nott
884 4041 1041 4105 diacouem,
1094 4040 1130 4096 iia
1143 4040 1226 4113 igitur
1238 4039 1358 4095 decrerit
1369 4038 1467 4096 offerre
1482 4056 1606 4106 munera,
1621 4057 1682 4113 quae
1692 4056 1747 4098 uea
1760 4041 1822 4113 ipsi,
1837 4041 1885 4098 sed

250 4151 304 4193 non
319 4137 497 4193 cardinalium
514 4135 663 4208 quemlibet
678 4134 734 4207 (lli
750 4133 859 4189 mittere
875 4132 1043 4205 procuravit.
1094 4146 1143 4203 per
1152 4146 1214 4186 euru
1224 4129 1280 4186 beo
1294 4131 1501 4196 transmitteret,
1516 4139 1558 4195 ut,
1569 4130 1633 4187 dum
1645 4131 1696 4186 sibi
1722 4130 1815 4196 uallet,
1831 4132 1887 4189 beu

285 4229 329 4287 19.
345 4229 420 4285 Tune
431 4229 550 4300 episcopi
567 4241 662 4283 enarres
679 4241 712 4282 es
736 4226 876 4297 praemissa
899 4225 1043 4281 verborum
1094 4220 1191 4277 saltern
1206 4221 1349 4276 tribueret.
1363 4219 1501 4291 Capellam
1512 4221 1755 4290 euiurargentcam
1771 4222 1887 4276 deaura-

250 4320 392 4377 dulccdine
404 4320 483 4376 rabie
493 4310 625 4382 benevoli,
640 4329 668 4375 et
680 4332 713 4373 eta
728 4331 818 4372 causae
836 4314 1045 4387 exaggeratione
1095 4321 1161 4379 taur,
1174 4329 1235 4369 eura
1250 4313 1335 4369 saeris
1350 4313 1423 4368 rasis
1436 4321 1464 4367 et
1477 4314 1609 4379 testibus,
1631 4313 1720 4386 palliis
1740 4322 1768 4369 et
1785 4314 1887 4370 utensi·

251 4428 305 4468 nou
323 4427 418 4481 parurn
436 4410 544 4476 intenti,
562 4409 754 4481 exspectabant
779 4416 809 4461 ut
823 4407 880 4478 jana
902 4422 982 4462 cansa
999 4406 1045 4463 illa
1094 4407 1167 4463 libus
1180 4405 1289 4464 obtulit.
1301 4406 1414 4479 Accipe,
1428 4406 1526 4479 inquit,
1538 4406 1677 4479 magister,
1691 4406 1771 4462 istam
1782 4421 1889 4464 sacram

251 4513 444 4576 exponeretur,
457 4520 507 4573 pro
520 4519 574 4575 qua
590 4512 681 4558 tantus
694 4510 723 4557 et
737 4501 800 4556 talis
810 4499 893 4556 bento
906 4515 921 4553 a
934 4499 1045 4555 Latera·
1096 4506 1197 4554 tesmm
1210 4507 1240 4554 ct
1251 4507 1345 4554 sancta
1359 4513 1432 4563 rasa,
1445 4513 1507 4570 quae
1523 4497 1579 4554 Deo
1593 4498 1773 4568 omnipotenti
1794 4496 1890 4554 tribui·

252 4595 329 4651 aeusi
342 4595 418 4650 curia
433 4594 596 4650 devenisset.
611 4592 673 4649 llos
686 4603 788 4651 autera,
802 4600 832 4646 ut
844 4592 900 4646 suis
914 4592 1004 4647 uerbis
1016 4591 1044 4645 il·
1060 4589 1156 4648 Draus
1172 4598 1200 4644 et
1213 4589 1306 4644 diuino
1318 4589 1373 4643 rita
1401 4587 1579 4659 mancipanda
1607 4604 1656 4658 per
1671 4597 1698 4644 te
1712 4591 1765 4645 tais
1785 4591 1890 4645 sanctis

252 4685 339 4741 loram
360 4686 518 4745 beneuolaan
537 4684 702 4739 audientiam
719 4683 817 4738 adesse
836 4682 988 4752 conspexit,
1003 4682 1045 4736 sic
1096 4679 1163 4737 loeis
1177 4680 1397 4734 trausrnittiurus.
1412 4677 1489 4733 'lunc
1507 4678 1534 4733 in
1551 4679 1637 4748 prima
1649 4676 1738 4734 lrerrte
1753 4680 1888 4750 receptio·

252 4775 335 4847 eoepit
350 4790 478 4831 caenare
496 4773 684 4845 prepositura:
708 4771 886 4828 cluniacense
907 4781 1044 4827 tuonaste-
1096 4771 1140 4825 nis
1150 4771 1227 4839 quasi
1244 4769 1353 4839 palliata
1367 4768 1505 4823 locutione
1518 4767 1660 4835 deeeptus,
1672 4782 1785 4821 ruanera
1798 4783 1846 4839 per
1857 4782 1887 4821 ae

253 4865 324 4923 rium
335 4865 464 4922 Romanae
478 4867 561 4921 curiae
574 4879 635 4921 esse
647 4863 785 4918 subrliturn
799 4859 887 4917 rirrlles
910 4870 1044 4926 vestrum,
1097 4863 1152 4918 lieo
1166 4861 1264 4916 tradita
1275 4875 1328 4914 non
1341 4867 1384 4914 est
1394 4866 1564 4928 aspernatus.
1578 4857 1688 4913 iuterim
1699 4857 1757 4911 dies
1769 4856 1885 4920 transit:
1930 4885 1934 4903 ι

253 4959 363 5028 iratres,
377 4961 494 5030 ignorat,
519 4968 546 5015 et
559 4956 632 5029 quod
656 4956 722 5013 nulli
745 4954 790 5011 alii
804 4969 928 5026 personae
948 4964 1047 5025 prater
1096 4948 1214 5020 peractis
1227 4947 1398 5011 necessariis,
1409 4949 1530 5009 membra
1541 4947 1626 5018 quieti
1637 4945 1770 5001 dedimus.
1781 4944 1887 5000 interea
1929 4936 1932 4944 '

254 5054 405 5111 bertranum
418 5052 572 5124 pontificem
595 5051 622 5106 ia
643 5050 737 5106 eodem
752 5047 916 5104 ntorrasterio
937 5047 982 5115 ius
997 5047 1047 5100 ali·
1102 5042 1271 5096 dtr-erearum
1283 5040 1478 5112 cogitationum
1491 5038 1632 5094 condictus
1645 5038 1764 5092 animum
1776 5049 1890 5107 rapuero

254 5146 325 5216 quod
335 5142 455 5216 pertinet
467 5141 557 5197 nalbrs
572 5140 721 5204 addubitat,
738 5137 810 5208 qaod
833 5137 941 5208 quidem
964 5151 1046 5206 snpra
1099 5130 1182 5187 illius.
1195 5128 1338 5202 cogitabat
1352 5129 1448 5203 nesab
1467 5127 1547 5199 lunius
1571 5126 1734 5197 receptionis
1746 5125 1835 5197 specie
1850 5122 1890 5183 ri-

254 5235 345 5293 ouruia
368 5236 418 5292 sibi
443 5233 606 5306 pertinentia
630 5231 717 5302 diligit
745 5229 928 5294 rrromsteria3
955 5227 1047 5283 nrultis
1101 5226 1167 5280 tiurn
1182 5223 1292 5293 albnand
1305 5223 1436 5286 latitaret,
1448 5237 1482 5277 nc
1495 5221 1567 5293 qaod
1579 5235 1628 5293 pro
1642 5220 1741 5273 {utare
1752 5215 1889 5273 mercedis

255 5341 363 5398 quaque
381 5325 535 5397 apostolicae
548 5322 619 5379 sedis
633 5321 781 5392 priuilegiis
795 5327 971 5375 cerastatesre
985 5334 1044 5371 nru·
1098 5315 1197 5371 intuitu
1221 5311 1403 5377 laboraverat,
1431 5319 1541 5367 terreno
1561 5322 1673 5365 arrunere
1694 5306 1840 5378 deperiret,
1861 5315 1891 5360 et

255 5418 352 5475 uitam.
366 5416 433 5487 Quae
444 5415 535 5472 arania
559 5414 674 5471 domate
689 5408 893 5467 matisconensis
904 5408 1047 5479 episeopus
1097 5404 1210 5468 fruetus.
1224 5420 1293 5475 quos
1307 5414 1429 5458 maturos
1451 5401 1615 5456 artaudumre
1633 5397 1772 5457 debuerat,
1793 5394 1889 5452 obstu-

289 5530 348 5602 (ll)
363 5531 629 5588 lnnaurrsanetus
641 5524 788 5582 Alexandri
804 5539 880 5595 papae
891 5522 998 5579 litteras
1009 5524 1043 5577 ad
1097 5522 1195 5576 mirum
1210 5528 1237 5574 et
1251 5526 1343 5574 noster
1362 5525 1404 5572 est
1424 5516 1519 5572 ocultae
1531 5524 1560 5571 et
1577 5514 1731 5585 apoumieoe
1743 5513 1817 5570 sedis
1838 5513 1891 5569 tnr-

254 5600 625 5678 preetdcsiialliaeiaquibns
636 5596 761 5666 aiebatrr
776 5594 1043 5651 Talernrobisrirarn
1098 5591 1197 5647 taolrile
1215 5589 1425 5643 brrrraarentrnn.
1441 5605 1450 5637 r

255 5674 392 5733 destinare
406 5672 568 5734 curarimus,
587 5685 641 5739 quo
659 5668 784 5723 uiurirum
806 5673 866 5736 post
888 5680 937 5719 atas
959 5660 1045 5730 nraior
1133 5660 1191 5731 (lii
1207 5660 1303 5714 Exstat
1314 5658 1393 5726 buius
1409 5653 1584 5726 iurisiurandi
1599 5640 1754 5710 irumula'in
1768 5650 1890 5716 editittus

256 5744 284 5802 iu
296 5745 417 5800 llernaaa
437 5742 555 5797 Ecclesia
571 5740 717 5794 atteteritur
731 5752 783 5792 non
797 5735 921 5796 babetur,
935 5731 1044 5787 Petrum
1098 5734 1217 5801 tlperuau
1230 5731 1262 5784 S.
1278 5728 1349 5787 Petri
1366 5727 1397 5783 ll.
1412 5736 1478 5783 tetta.
1493 5724 1536 5788 ltt.
1549 5742 1574 5796 p.
1589 5726 1650 5785 bil.

256 5815 380 5873 uidelicet
398 5812 556 5868 llaruiauurn
572 5811 722 5865 Ostietrseru
748 5808 914 5877 epist-apaan,
933 5803 978 5876 qun
1000 5802 1044 5859 tri·
