4017 6192
219 509 269 566 iii
450 513 478 567 S.
495 512 596 568 uultu
610 512 750 567 ltllttaal
769 511 843 567 urb.
865 492 982 565 tottbs
997 508 1063 566 stttt
1083 508 1172 567 PARS
1191 511 1232 566 tlt.
1251 543 1285 555 -·
1298 510 1480 569 OPUSCL'LA
1502 474 1616 566 vetula.
1797 512 1845 568 ltt

217 622 303 695 aegris
327 620 602 693 interrogationibus,
626 634 654 680 et
676 622 912 694 responsionibus,
936 624 1046 693 aquaA
1320 624 1434 681 curbi
1460 623 1578 680 xlllttll.

218 711 306 767 luerat
318 711 425 775 inlusa,
443 711 534 766 iterari
557 713 718 783 itaptismum
742 730 795 769 nott
819 713 936 780 debere,
959 716 1008 771 scd
1113 716 1183 781 brata
1196 716 1366 771 innocentius
1387 716 1420 771 de
1437 715 1660 770 reconsecratione
1681 726 1795 771 canunt.

219 798 359 868 adimpleri
374 815 405 854 ea
423 815 484 869 que
505 815 520 855 a
537 802 723 858 sacerdotibus
742 818 800 857 mos
817 803 1007 869 cs13dtbaun-
1093 807 1240 861 Videamus
1266 806 1348 861 etiarn
1368 806 1431 876 quid
1451 806 1508 876 jam
1532 815 1697 862 memoratus
1718 806 1843 863 innocen

220 890 289 945 sium
300 903 364 944 rere
379 898 459 958 atque
475 905 531 954 eos,
547 907 615 960 quos
632 891 710 947 ludus
729 891 772 946 ille
783 892 824 946 rei
839 893 1009 964 presbyteras
1061 895 1112 949 tius
1125 910 1211 966 papa,
1225 895 1288 951 iicet
1302 897 1328 949 in
1343 896 1477 961 transitu,
1503 896 1606 951 sentire
1620 895 1654 951 de
1672 910 1846 953 reconsecra-

219 977 319 1033 itnbere
332 978 405 1033 risus
421 982 516 1042 lucrat,
530 979 571 1034 rei
582 981 730 1043 ministros,
744 982 900 1039 cortrocatis
913 995 1009 1051 pareu-
1060 985 1132 1039 tione
1153 985 1455 1055 signauerit.diterri1u
1472 986 1497 1040 in
1523 987 1648 1050 decreto,
1667 988 1739 1056 qued
1764 987 1846 1044 Nabi-

218 1066 301 1134 tibus,
312 1067 363 1122 sub
376 1067 421 1123 liei
433 1069 612 1125 oirtestatione
625 1070 736 1126 tradidit
746 1070 873 1127 Ecclesiae
885 1073 1008 1127 nutrien·
1058 1076 1147 1130 sitano
1171 1074 1265 1130 scribit
1288 1076 1416 1147 episeopo
1432 1095 1439 1130 z
1455 1075 1594 1147 Superiori
1611 1086 1750 1148 tempore,
1766 1080 1790 1135 si
1807 1088 1845 1134 tn·

182 1179 185 1186 ’
219 1162 278 1226 dos,
292 1171 319 1216 et
331 1162 444 1233 reliqua,
456 1164 554 1233 quibus
568 1163 691 1219 uidelicet
703 1176 829 1220 narratur
843 1163 1009 1219 Athanasius
1059 1180 1120 1219 men
1147 1173 1221 1220 recte
1246 1165 1385 1232 recordor,
1407 1167 1519 1221 memini
1546 1174 1600 1221 mm
1615 1168 1648 1222 ad
1672 1168 1844 1225 dilectionem

130 1264 132 1269 ’
219 1253 468 1322 reveraepiscopus
482 1253 588 1316 lacius,
612 1253 682 1309 sicut
698 1270 713 1308 a
727 1270 811 1324 puero
825 1256 911 1311 luerat
925 1255 1009 1311 simu·
1059 1262 1153 1320 tumn,
1178 1268 1260 1325 quam
1285 1256 1318 1310 ad
1342 1251 1442 1312 iratres
1470 1263 1498 1311 et
1523 1257 1696 1328 coepiscopos
1722 1267 1843 1323 nostrus,

217 1339 298 1394 latus.
309 1339 385 1405 Quod
397 1340 524 1395 uiminrm
535 1340 864 1414 antiquitatisexemplum
879 1344 1009 1400 adsersus
1058 1343 1157 1399 illalum
1173 1355 1200 1399 et
1225 1354 1354 1412 ceteros,
1378 1346 1532 1415 latiusmorii
1558 1346 1664 1404 litteras
1676 1348 1710 1403 de
1739 1348 1846 1407 clericis

218 1444 265 1485 cos
279 1430 409 1505 adhibere
427 1430 662 1501 curarimus.qui
678 1433 909 1489 consecrationem
930 1450 945 1488 a
968 1434 1010 1488 Si·
1059 1434 1254 1493 linirisensibus
1275 1437 1478 1501 transmisisse,
1503 1438 1547 1494 bis
1570 1436 1717 1505 uidelicet,
1740 1439 1786 1509 qui
1817 1454 1848 1495 se

218 1519 350 1575 maniacis
372 1519 469 1576 iactam
492 1521 561 1575 nibil
579 1536 639 1577 esse
658 1523 766 1592 penitus
778 1531 912 1591 asserunt,
926 1533 1009 1595 atque
1059 1533 1122 1581 ante
1137 1526 1337 1580 damnationem
1352 1526 1469 1589 ilouosi,
1493 1534 1620 1582 assenmt
1633 1524 1774 1584 abeodem
1790 1537 1860 1584 tam·

218 1611 252 1666 ab
267 1611 319 1665 illis
333 1614 488 1677 ordinatos,
502 1609 569 1667 nibil
590 1629 605 1668 a
627 1612 703 1668 laicis
718 1614 817 1668 distare
832 1602 1008 1671 contendunt.
1058 1617 1247 1686 presbyteros,
1260 1626 1341 1684 quam
1354 1615 1482 1672 diaconos
1493 1615 1650 1681 ordinatos,
1662 1624 1692 1671 ut
1704 1616 1727 1672 si
1751 1616 1846 1674 relicto

220 1700 249 1755 Si
263 1701 335 1756 enim
349 1701 501 1772 proludium
513 1703 588 1771 iilud,
607 1720 660 1774 qno
672 1704 796 1759 videlicet
808 1705 883 1775 pueri
900 1705 1010 1777 presby·
1058 1716 1140 1777 atque
1150 1706 1278 1761 damnato
1289 1702 1347 1771 ejus
1358 1720 1462 1771 errore,
1472 1704 1705 1761 rellentEcclesice
1712 1706 1844 1778 copulari,

220 1800 292 1847 teres
307 1808 336 1847 se
349 1793 553 1861 simulaverant,
572 1796 613 1850 rei
627 1796 786 1860 ministros,
810 1796 877 1851 tanti
902 1807 943 1850 est
957 1798 1006 1851 lra-
1058 1797 1174 1853 libenter
1186 1796 1381 1866 reciperentur,
1399 1812 1434 1851 ne
1449 1795 1518 1852 lorte
1542 1795 1588 1866 qui
1604 1792 1696 1851 esseni
1710 1796 1784 1865 digni
1801 1810 1859 1852 rec
1938 1863 1943 1871 α

180 1915 184 1921 -
219 1880 314 1945 bitum,
329 1891 419 1938 utens
434 1882 640 1954 episcopussub
657 1884 704 1940 liei
719 1885 899 1940 obtestatione
911 1878 1010 1956 paren·
1059 1885 1220 1955 cuperandae
1245 1884 1340 1940 salutis
1360 1884 1388 1940 in
1400 1885 1497 1941 eodem
1508 1898 1602 1942 errore
1614 1886 1777 1956 deperirent.
1792 1885 1847 1944 ie·

221 1972 293 2029 tibus
301 1973 358 2028 suis
368 1972 487 2029 traderet
493 1973 620 2029 Ecclesiae
632 1973 800 2039 nutriendos,
813 1990 863 2031 nec
873 1975 1008 2047 integrum
1024 1958 1046 2019 Β
1061 1993 1120 2032 rum
1134 1976 1400 2033 nunciuilarennati
1413 1977 1479 2032 urbe
1490 1977 1554 2032 mint
1566 1978 1724 2045 constituto,
1735 1988 1849 2052 propter

221 2062 370 2118 arbitratus
384 2063 418 2118 sit
436 2077 483 2118 eos
497 2064 578 2118 etiam
600 2063 626 2118 in
643 2063 766 2120 saeculari
789 2064 884 2121 ordine
902 2079 1009 2135 perme-
1059 2069 1173 2126 ilomani
1185 2069 1275 2141 populi
1291 2069 1469 2137 necessitates
1484 2069 1672 2134 creberrimas,
1685 2070 1848 2129 Germanias

218 2170 294 2222 nece,
319 2155 364 2225 qui
388 2170 418 2211 se
440 2170 490 2225 per
511 2155 677 2211 adumbrate
691 2155 872 2212 simulationis
891 2157 1009 2228 speeiem
1058 2157 1103 2230 qui
1119 2174 1149 2215 se
1163 2173 1224 2215 esse
1245 2157 1345 2214 asserit
1365 2158 1572 2228 presbyterum,
1592 2167 1675 2229 atque
1697 2160 1849 2233 impensius

217 2247 387 2305 confixerant
407 2245 521 2303 ciericos
549 2246 702 2313 exstitisse3
726 2254 756 2301 ut
777 2246 815 2301 ilii
832 2246 1010 2317 perhibentur
1058 2247 1104 2317 qui
1126 2247 1311 2302 sudiaconum
1334 2246 1418 2314 dicit,
1435 2246 1581 2303 muitarum
1605 2247 1700 2303 talium
1716 2250 1792 2320 quasi
1807 2249 1847 2305 ie·

213 2330 234 2393 's
255 2335 332 2392 laicis
355 2351 408 2391 uon
436 2336 558 2401 distare,
579 2350 651 2406 quos,
670 2344 777 2391 constat
803 2349 819 2390 a
843 2334 1010 2405 quibuscun-
1057 2337 1194 2408 petionem
1207 2347 1360 2408 srrsceptam
1375 2326 1457 2408 prece
1469 2336 1529 2394 lusa
1541 2337 1649 2395 dolores
1662 2341 1846 2410 proprioser·

216 2441 269 2497 qrre
286 2425 498 2482 consecrationis
520 2425 678 2497 mysterium
699 2425 776 2497 justa
796 2439 901 2481 morem
922 2425 1009 2481 ercle·
1057 2428 1176 2499 primere
1188 2428 1373 2499 gestirenmt,
1389 2427 1700 2499 asserentessequidem
1712 2428 1848 2487 Ecclesiae

216 2515 355 2570 sinstieum
369 2515 542 2586 percepisse?
555 2515 608 2571 Sed
623 2515 683 2571 ilios
700 2515 805 2571 alaicis
825 2516 883 2572 sola
897 2515 1009 2572 simula·
1057 2516 1094 2573 ln‘
1109 2517 1263 2574 dilectionis
1286 2527 1338 2574 tuce
1364 2519 1527 2575 constituam
1546 2519 1690 2589 parochias
1714 2521 1845 2589 retinere;

209 2594 254 2661 ‘tio
264 2615 396 2679 segregat,
407 2622 461 2678 quo
472 2616 565 2678 punctos
576 2608 654 2671 istos,
664 2608 710 2678 qui
722 2622 815 2663 resera
827 2609 917 2663 onmia
928 2623 1008 2679 regu·
1057 2609 1105 2668 sed
1128 2617 1201 2665 tuam
1223 2611 1440 2667 communionem
1463 2626 1517 2666 non
1539 2612 1661 2681 potuisse
1683 2613 1799 2676 mereri,
1814 2626 1847 2669 es

216 2694 311 2754 iariter
331 2707 503 2768 acceperunt,
517 2698 551 2753 ab
567 2699 608 2753 eis
623 2696 819 2764 nibildiiierre,
834 2697 902 2753 laisa
920 2698 1008 2753 bomi·
1054 2699 1182 2755 videlicet
1205 2700 1326 2765 ratione,
1347 2702 1412 2771 quia
1436 2699 1565 2756 Rusticus
1587 2700 1696 2771 quidam
1720 2702 1846 2768 nomine,

217 2802 281 2842 num
310 2788 388 2858 133
412 2788 520 2843 sanitas
536 2787 641 2857 iactast
656 2809 665 2840 ι
684 2790 856 2859 Quaecunque
875 2789 964 2855 enim,
977 2796 1008 2843 ut
1055 2790 1156 2845 iterata
1172 2789 1344 2845 ordinatione
1361 2788 1441 2861 m
1453 2789 1652 2861 presbyterium
1664 2789 1845 2859 suscepisset,

217 2877 256 2931 sit
268 2875 432 2946 Apostolus,
446 2878 546 2947 scripcr
571 2887 652 2944 suut,
671 2879 705 2934 ad
721 2887 841 2936 nostram
855 2879 1006 2935 doctrinam
1056 2888 1084 2935 et
1097 2894 1151 2934 uon
1165 2878 1217 2933 leti
1233 2877 1427 2949 impedimento
1439 2880 1485 2941 sit,
1497 2877 1560 2933 datm
1574 2887 1622 2933 aut
1636 2877 1673 2933 iili
1689 2878 1780 2934 dolent
1794 2879 1847 2933 ira·

217 2969 317 3037 scripta
332 2975 395 3022 sunl
410 2967 500 3039 (iluna
515 2969 572 3039 ru).
591 2988 601 3022 r
619 2968 686 3024 Nam
699 2979 725 3025 et
742 2970 769 3024 in
780 2968 1005 3036 lioralibussuis,
1053 2966 1172 3036 jusmodi
1189 2967 1326 3023 iterninem
1349 2966 1376 3021 in
1395 2966 1517 3022 Ecclesia
1533 2967 1663 3035 retineri,
1688 2976 1735 3023 aul
1750 2967 1849 3025 illesic

217 3060 239 3115 si
255 3068 330 3115 recte
349 3069 444 3125 unco,
467 3059 564 3115 beatus
578 3062 713 3132 reperitur
726 3060 828 3117 dixisse
842 3061 1003 3133 Gregorius,
1054 3073 1172 3129 peccme
1192 3057 1292 3114 debere
1306 3058 1334 3112 iu
1358 3056 1426 3113 aiios
1442 3058 1601 3124 arbitratur,
1617 3057 1847 3126 quemadmodum

216 3150 288 3206 irater
301 3150 353 3204 duo
368 3149 487 3219 pericula
503 3149 688 3205 simoniacum
702 3152 900 3217 constitutum,
922 3159 954 3204 ur
965 3150 1004 3206 ri·
1055 3149 1083 3203 in
1099 3162 1128 3203 se
1140 3148 1262 3219 agnoscit
1274 3161 1335 3203 esse
1345 3157 1497 3217 peccatum.

218 3241 332 3306 delicet,
347 3240 404 3294 sire
426 3253 536 3311 gregem
554 3240 729 3295 commissum
751 3239 875 3306 deserat,
898 3238 955 3294 sire
978 3238 1004 3292 in
1092 3238 1163 3295 Ecce
1174 3238 1218 3293 iric
1229 3236 1371 3293 maniieste
1380 3238 1553 3307 agnoscitur,
1567 3253 1648 3308 quatu
1665 3237 1790 3293 imbuerit
1802 3236 1848 3291 in·

218 3330 289 3386 male
310 3337 422 3399 accepto
444 3328 549 3385 bonore
570 3337 744 3400 permaneat,
768 3329 870 3399 peccati
895 3327 1006 3398 iarpreos
1058 3327 1200 3382 nocentius
1215 3327 1248 3382 de
1263 3328 1499 3382 reconsecratione
1516 3326 1696 3392 senentiam,
1709 3341 1771 3382 cum
1787 3325 1848 3381 illos

136 3404 138 3408 ⁵
217 3421 399 3477 eradat:nec
412 3420 570 3475 utramlibet
584 3434 640 3474 rem
655 3433 783 3489 expresse
795 3417 935 3480 deliniens,
948 3426 1009 3471 tnn-
1058 3426 1192 3488 satageret
1214 3419 1241 3473 iu
1266 3418 1307 3473 sni
1332 3417 1450 3489 episcopi
1479 3417 1698 3474 communionem
1722 3417 1847 3482 restitui,

218 3510 358 3565 trinnnodo
374 3509 419 3566 ubi
435 3509 543 3565 rirletur
569 3510 676 3565 incilior
690 3524 789 3575 casus,
802 3509 901 3564 asserit
921 3522 1009 3578 quan·
1058 3494 1104 3582 qui
1118 3512 1177 3567 selo
1188 3510 1306 3579 justitiae
1320 3510 1447 3565 dolebant
1465 3518 1684 3565 reconsecratum
1708 3509 1848 3564 bominem

221 3601 310 3655 metus
324 3598 516 3654 enarrandum.
1059 3601 1086 3656 in
1100 3601 1221 3656 Ecclesia
1240 3600 1351 3656 retiueri
1366 3615 1374 3655 s
1391 3599 1464 3656 illum
1480 3599 1605 3670 perbibet
1622 3599 1764 3662 arbitrari,
1781 3598 1848 3669 quia

256 3690 285 3746 st
300 3691 392 3760 ltaque
407 3690 595 3756 simoniacus,
617 3698 646 3743 ut
667 3689 775 3756 dicitur,
798 3688 884 3745 laicus
898 3698 958 3755 est,
980 3688 1008 3744 iu
1058 3691 1129 3745 sicut
1143 3689 1286 3760 episeopus
1305 3704 1419 3761 peccare
1442 3689 1552 3745 deberet
1573 3689 1600 3745 in
1617 3688 1700 3755 aiios,
1716 3689 1849 3758 quemad-

218 3796 282 3853 quo,
298 3796 400 3854 quaeso,
426 3781 523 3853 inquit,
547 3780 695 3851 delinquit,
721 3780 743 3836 si
768 3780 944 3837 sacerdotalis
969 3780 1010 3835 ‹ll-
1057 3780 1169 3835 modum
1184 3788 1210 3835 el
1226 3781 1253 3834 in
1268 3794 1296 3835 se
1309 3788 1485 3850 peccaverat,
1500 3779 1546 3849 qui
1563 3793 1625 3834 eum
1648 3778 1736 3835 denuo
1751 3794 1848 3835 conse·

219 3874 332 3947 quitatis
346 3872 463 3930 cilicium
483 3873 603 3929 deseriti
634 3871 661 3928 Si
687 3872 831 3928 sacerdotii
852 3887 1010 3928 sacramen·
1058 3880 1159 3936 cratus,
1172 3869 1299 3926 familiari
1313 3871 1411 3940 quippe
1422 3871 1598 3940 reproborum
1610 3869 1711 3936 studio,
1722 3868 1847 3939 ejusdem

203 3954 277 4020 'tum
305 3973 443 4034 utcunque
478 3979 531 4018 nou
566 3963 664 4029 babet,
696 3971 727 4018 nt
754 3961 818 4033 quid
841 3977 857 4017 a
879 3961 1008 4032 pastorali
1058 3963 1242 4020 damnationis
1264 3961 1664 4033 laqueo,etaiiosconabatur
1686 3959 1846 4023 innectere,

220 4050 450 4113 ministeriorum
466 4055 543 4126 culpa
559 4054 699 4122 dividitur,
713 4054 757 4110 cui
779 4055 885 4111 debitor
899 4069 948 4124 per
963 4069 1008 4111 sa·
1058 4066 1113 4124 qno
1122 4053 1298 4122 semetipsum
1313 4052 1416 4122 primus
1427 4067 1479 4106 non
1492 4050 1620 4106 timuerat
1635 4049 1754 4105 irretire.
1768 4046 1847 4104 [iude

217 4146 350 4202 crementi
369 4143 507 4199 vinculum
523 4159 576 4199 non
603 4143 729 4197 tenetur?
752 4142 807 4198 Sed
822 4142 906 4197 dicite
925 4143 1008 4208 milti,
1059 4140 1097 4195 illi
1111 4156 1164 4195 uon
1178 4140 1314 4195 immerito
1335 4139 1538 4193 arbitrabantur
1550 4137 1703 4208 bujttsmodi
1717 4144 1847 4205 tanquam

218 4234 332 4301 iratres,
348 4246 489 4303 cumpace
502 4240 593 4287 restra
608 4231 705 4302 loquar
721 4247 729 4284 ε
745 4232 769 4286 si
784 4229 945 4297 simoniaci,
967 4231 1010 4287 rei
1059 4231 1239 4287 damnabilem
1262 4245 1374 4303 prorsus
1396 4230 1552 4287 hereticum
1567 4230 1601 4284 tle
1620 4227 1742 4284 Ecclesia
1756 4224 1849 4297 repel-

158 4333 160 4336 '
220 4327 255 4383 ab
269 4326 309 4381 eis
322 4322 457 4388 ordinati,
474 4322 597 4385 alaieis,
623 4331 654 4376 ut
677 4320 820 4386 asseritis,
843 4319 910 4375 nihil
934 4321 1010 4376 dilie·
1059 4323 1182 4389 lendum,
1198 4322 1261 4392 qui,
1275 4330 1303 4378 et
1314 4321 1365 4377 sibi
1379 4336 1432 4375 non
1448 4327 1590 4390 parceret,
1612 4329 1641 4376 et
1663 4317 1725 4374 aliis
1739 4317 1849 4388 pericu·

219 4424 284 4473 rum
294 4456 305 4482 ‚
317 4415 382 4488 qnid
395 4422 454 4480 est,
468 4412 540 4484 quod
564 4413 635 4469 sacri
657 4427 777 4469 canones
794 4411 966 4469 Simoniaeos
982 4412 1009 4467 iu
1059 4412 1113 4468 lum
1129 4413 1292 4484 provideret.

220 4507 342 4580 synodali
357 4505 474 4563 coneilio
487 4495 661 4576 deponendos
674 4520 735 4561 esse
756 4504 1011 4567 decernuntliiun-
1094 4503 1134 4559 lle
1155 4505 1217 4574 quis
1241 4513 1331 4559 autern
1355 4516 1405 4556 nos
1428 4500 1541 4556 inuoluti
1565 4499 1709 4554 rolrrmiuis
1733 4504 1846 4569 arguat,

221 4599 286 4669 quid
298 4598 321 4655 si
333 4598 419 4655 laicus
432 4596 602 4654 sacerdotale
612 4594 659 4667 jus
670 4604 816 4665 usurpasse
827 4596 1007 4663 convincitur,
1022 4621 1046 4680 D
1059 4594 1123 4649 dum
1148 4591 1291 4647 admisceri
1316 4591 1359 4646 iris
1382 4590 1529 4660 prolixiora
1556 4603 1690 4644 cuneatum
1722 4585 1848 4642 lorsamis

221 4689 342 4763 sytrodaii
358 4697 514 4760 eqeteausa
529 4697 680 4753 certreutu,
696 4696 726 4742 ut
741 4687 1010 4744 illesolemniterde·
1059 4682 1183 4754 exempla
1207 4681 1391 4752 conqueritur.
1422 4680 1493 4736 banc
1516 4679 1624 4736 nouerit
1646 4677 1739 4748 procul
1763 4675 1848 4731 dublo

213 4781 356 4853 rponarurt
371 4779 562 4850 Numquidnam
578 4780 646 4835 satis
659 4779 722 4843 erit,
736 4778 759 4834 si
770 4778 875 4848 privata
887 4777 1008 4849 qualibet
1059 4789 1188 4840 causam;
1204 4773 1267 4843 quia
1281 4770 1409 4827 nimirum
1426 4769 1477 4825 bos
1488 4784 1550 4824 curu
1564 4769 1662 4837 quibus
1673 4765 1797 4836 agimus,
1810 4759 1851 4825 ad

221 4870 391 4927 districtione
415 4871 572 4944 corripitur,
587 4881 619 4927 ut
641 4870 683 4927 rel
701 4869 871 4941 simplicibus
887 4871 1008 4926 terbisa
1060 4862 1242 4933 inspiciendos
1263 4875 1356 4917 sacres
1376 4874 1496 4916 canones
1517 4858 1666 4928 sepissime
1690 4855 1845 4922 suadendo,

221 4967 386 5032 presumpta
404 4960 558 5015 temeritate
569 4960 727 5032 frangaturl
741 4958 866 5027 Nrruquid
879 4967 941 5028 post
961 4959 1008 5015 de·
1060 4953 1103 5009 rei
1117 4952 1285 5009 erbortando
1297 4949 1462 5020 compellere
1476 4963 1529 5004 nou
1553 4947 1691 5014 valemus;
1707 4958 1788 5017 atque
1802 4946 1848 5002 irl-

223 5049 387 5123 positioucm
411 5047 582 5105 simoniacus
609 5049 758 5103 remedium
773 5047 943 5117 poentientia
958 5061 1009 5118 per
1060 5043 1134 5099 circo
1146 5042 1191 5096 laic
1203 5039 1377 5110 apponendas
1397 5046 1553 5094 marctontm
1567 5036 1680 5092 Petrum
1693 5033 1848 5090 muteutias

225 5156 322 5198 manus
335 5139 533 5212 impositionem
545 5140 700 5209 suscipere,
712 5137 869 5193 secularem
883 5137 1006 5193 militiam
1060 5133 1169 5204 dignum
1182 5132 1318 5195 ducimus,
1331 5139 1361 5184 ut
1378 5129 1419 5185 vei
1432 5135 1575 5197 excerptas
1588 5125 1712 5181 delicatis
1725 5138 1758 5179 ac
1770 5131 1848 5179 teue-

225 5231 363 5303 injuriare,
377 5227 517 5303 conjugem
531 5216 640 5292 ducere,
658 5227 826 5297 negotiorum
837 5227 1008 5283 commerciis
1061 5224 1099 5279 ris
1113 5238 1206 5279 eorum
1220 5221 1307 5277 oculis
1331 5233 1512 5291 opponamus;
1528 5224 1663 5288 quatenus
1685 5217 1759 5277 dum,
1772 5212 1850 5284 quod

224 5335 282 5381 tuto
298 5324 400 5396 poterit
413 5320 562 5378 inservire?
575 5319 643 5373 Nam
657 5319 682 5373 si
700 5317 860 5373 exercitium
874 5317 1006 5387 perdunt,
1060 5312 1192 5370 sentimus
1207 5311 1234 5365 in
1250 5310 1307 5369 iris.
1321 5323 1381 5378 quae
1398 5323 1413 5362 a
1437 5306 1517 5367 nobis
1537 5314 1602 5361 sunt
1619 5303 1741 5374 prolata,
1755 5301 1850 5357 consi-

225 5425 423 5470 saeramentum
435 5422 523 5467 tamen
531 5409 710 5466 ordinationis
720 5407 844 5463 amittere
857 5413 1005 5478 nequeunt.
1061 5403 1167 5466 derant,
1175 5399 1331 5455 auctoritati
1345 5399 1439 5464 edam,
1451 5396 1494 5451 cui
1506 5395 1657 5459 innitimur,
1671 5391 1778 5448 cedent.
1790 5389 1852 5447 Sed

224 5505 391 5573 ltaque'cum
413 5502 576 5559 haecomnia
598 5498 753 5557 necessario
766 5497 900 5554 censeatis
918 5495 1008 5553 Simo·
1060 5498 1090 5546 ut
1103 5490 1192 5545 urania
1208 5488 1260 5543 illis
1273 5494 1379 5543 constet
1391 5485 1536 5555 provenire
1551 5481 1681 5548 mitulusa,
1697 5481 1751 5536 bec
1762 5479 1851 5535 etism

227 5594 312 5648 aiacis
326 5608 379 5647 uota
394 5608 471 5663 posse
483 5607 646 5663 congruere.
661 5606 721 5659 quc
732 5596 819 5644 tamen
832 5602 888 5644 uon
902 5588 1006 5658 negatis
1060 5579 1192 5635 ²dlel⁵1¹⁸
1205 5590 1322 5633 1111111111
1334 5583 1432 5645 iiim·
1447 5574 1511 5645 ‘1¹¹5a
1526 5578 1639 5627 cmm
1651 5568 1734 5625 ⁸5⁰¹*ss
1745 5568 1854 5638 inm

225 5678 390 5750 quibuslibet
400 5664 475 5734 laicis
489 5680 648 5740 cuttvcuit·e;
663 5677 805 5733 fateamini
825 5690 936 5732 necesse
948 5685 1005 5739 est,
1060 5671 1088 5726 itt
1106 5669 1338 5725 reconsecratione
1353 5665 1513 5736 suscipiunc
1527 5659 1853 5729 Undecumdequodam

227 5765 357 5818 alterutra
382 5780 396 5817 a
425 5768 575 5836 semetipsis
600 5766 732 5820 varietate
757 5765 881 5830 diiierre,
909 5754 1008 5834 dobras
1062 5757 1128 5812 milri
1153 5767 1235 5821 uoto,
1257 5757 1302 5826 qni
1327 5747 1717 5825 nupereonseeratusiuoeat,
1735 5760 1853 5816 0⁰fflli0‘

227 5854 367 5933 perspicue
381 5854 475 5908 sicimis
486 5856 591 5911 diversa
599 5866 760 5927 competere.
1064 5849 1176 5912 iissem,
1190 5847 1286 5909 ialeor,
1301 5845 1430 5901 esiutrrui
1448 5842 1563 5920 iacimus.
1584 5840 1653 5910 Quid
1667 5838 1762 5912 plura!
1775 5835 1851 5893 Tau»
