4017 6192
411 171 512 230 ¹37
1205 174 1447 233 OPUSC.
1479 176 1564 232 Vt.
1592 209 1660 218 --
1689 178 1889 234 LlBER
1928 178 2046 246 Qu!
2087 179 2359 238 ntCtTun
2388 183 2871 245 unsrtssntus.
3525 191 3540 202 “
3567 201 3670 264 138

983 280 1213 340 CAPUT
1250 284 1421 340 xxv.
2023 293 2068 350 Α
2094 287 2417 348 detrimenta
2449 307 2761 369 senscrunt,
2789 299 3099 360 declarante
3116 305 3219 363 boc
3241 310 3417 380 ipsum
3441 312 3671 372 Domino

412 371 570 441 Quod
598 370 666 426 ab
695 372 873 443 impiis
900 388 1038 442 sepe
1062 374 1326 430 ltoereticis
1369 376 1626 445 ordinati,
1673 394 1706 432 o
1732 378 1844 434 suis
1887 395 1991 435 non
2094 378 2535 439 manifestissima
2564 401 2697 444 voce
2729 403 2747 444 :
2780 407 2799 440 ι
2837 390 3129 463 Sederunt,
3161 396 3673 471 inquiasmibaect

897 454 1263 500 removeantur
1289 447 1492 517 officiis·
2091 466 2349 528 Pharisaei
2379 487 2545 546 super
2566 478 2883 538 cathedram
2911 483 3114 558 Moysi3
3140 503 3262 559 quae
3286 491 3471 550 dicunt
3489 497 3670 566 robis.

352 572 367 577 -
476 548 616 617 Quid
644 550 846 615 dicam,
877 550 1021 622 quod
1043 565 1111 607 ex
1137 552 1246 618 bis,
1275 553 1368 623 qui
1394 555 1463 610 ab
1488 553 1830 626 impiissimis
1855 566 1984 614 sunt
2090 556 2285 626 facite3
2331 575 2453 631 quoe
2500 575 2682 622 autem
2727 568 2957 640 faciunt,
3001 575 3170 632 nolite
3214 576 3435 638 tacere:
3481 583 3670 643 dicunt

398 637 683 695 baeoeticis
722 638 960 695 ordinati
999 639 1370 697 ecclesiastica
1414 642 1659 699 rideatur
1701 644 1990 702 subvenire
2090 648 2258 716 enim,
2288 659 2345 707 et
2370 667 2476 710 non
2503 652 2954 731 sariunt(1attlt.
2981 665 3160 736 xxm).
3196 685 3216 720 ι

404 729 726 796 auctoritas,
753 739 810 785 et
837 730 892 786 in
933 731 1340 804 promulgandis
1370 748 1539 804 super
1565 735 1671 791 bac
1711 735 1989 807 discepta⁶
2160 739 2431 812 Quidquid
2457 758 2588 817 ergo
2613 747 2679 802 ad
2708 749 2988 808 bominum
3016 767 3330 825 provectum
3355 761 3584 832 quilibet
3610 748 3669 822 ln

405 817 551 879 tione
564 817 806 888 judiciis.
830 834 941 876 non
963 829 1074 876 tam
1095 830 1337 878 veterem
1358 822 1644 894 perfidiam
1665 837 1986 894 promoven·
2088 825 2329 886 Ecclesia
2360 830 2610 890 minister
2633 850 2731 905 pro
2752 837 2932 897 officio
2950 857 3050 899 suo
3070 846 3283 903 videtur
3298 851 3537 920 operari,
3562 853 3667 912 boc

2089 924 2262 974 totum
2289 922 2556 981 contineri
2588 926 2862 998 implendo
2883 932 3185 995 divinitatis
3208 938 3419 1003 effectu.
3455 943 3527 999 ita
3550 944 3660 1012 ille.

2086 1023 2185 1079 per
2207 1024 2370 1084 quem
2397 1014 2646 1074 Christus
2676 1020 2936 1091 loquitur,
2960 1024 3159 1085 Paulus
3183 1029 3421 1093 affirmat
3444 1053 3460 1089 z
3487 1053 3507 1086 ι
3544 1035 3659 1108 Ego

403 907 562 973 tium,
585 923 746 978 quam
767 924 964 965 noram
994 909 1177 978 fldem,
1201 921 1257 967 et
1278 912 1711 984 resipiscentlam
1737 917 1988 974 conside·

403 1009 490 1053 ret
512 1001 929 1068 promotorum!
956 1001 1060 1069 Qui
1088 1002 1235 1058 enim
1261 1003 1501 1063 decretis
1543 1007 1858 1076 pontificum
1889 1023 1985 1065 so-

401 1088 573 1146 lerter
596 1090 883 1170 incumbit,
915 1109 1024 1148 non
1053 1093 1269 1164 ignorat
1292 1097 1569 1165 eumdem,
1613 1097 1769 1168 cujus
1818 1115 1982 1172 supra
2085 1099 2325 1171 plantavi
2350 1119 2367 1160 z
2398 1105 2586 1177 Apollo
2611 1109 2823 1187 rigavit,
2848 1117 2945 1171 sed
2976 1116 3117 1174 Deus
3140 1120 3536 1181 incrementum
3563 1129 3658 1184 de-

400 1180 563 1250 paulo
589 1191 716 1239 ante
739 1185 1107 1252 meminimus,
1155 1186 1528 1245 Innocentium
1572 1207 1770 1264 papam
1815 1192 1984 1250 licen·
2085 1189 2167 1244 dil·
2190 1190 2245 1263 (1
2270 1191 2394 1249 Gor·
2431 1195 2539 1268 tn),
2586 1216 2606 1251 ⁸
2635 1209 2694 1255 et
2737 1202 2896 1271 paulo
2936 1215 3059 1277 post
3105 1207 3250 1266 idem
3295 1211 3658 1272 Anastasius:

401 1270 534 1327 uam
565 1275 901 1344 permisisse,
939 1284 1000 1330 ιη
1039 1291 1250 1344 omnes,
1281 1279 1373 1350 qui
1419 1288 1548 1336 ame
1574 1282 1979 1342 damnationem
2089 1296 2111 1333 t
2147 1280 2273 1339 ldeo
2294 1298 2424 1357 ergo
2453 1297 2508 1343 et
2534 1289 2643 1356 bic,
2676 1291 2831 1364 cujus
2862 1311 3061 1353 nomen
3105 1298 3336 1358 dicimus
3360 1318 3483 1359 esse
3534 1306 3663 1362 reti-

400 1365 603 1421 Bonosi
631 1365 867 1421 haeretici
895 1367 967 1422 ab
989 1381 1056 1422 eo
1083 1366 1299 1426 fuerant
1322 1370 1586 1438 ordinati,
1617 1372 1663 1428 si
1693 1373 1884 1431 relicto
1906 1385 1983 1432 at·
2081 1372 2311 1428 cendum
2335 1392 2351 1428 ε
2371 1376 2513 1431 male
2532 1379 2673 1435 bona
2696 1379 3074 1450 ministrando,
3095 1387 3198 1444 sibi
3224 1397 3428 1448 tantum
3453 1395 3658 1452 nocuit.

395 1465 507 1520 qne
549 1451 805 1506 damnato
846 1451 966 1521 ejus
1002 1468 1211 1522 errore,
1258 1457 1639 1516 ecclesiasticae
1681 1463 1876 1518 unitati
1918 1479 1980 1521 ,e
2079 1458 2217 1517 Nam
2245 1461 2555 1524 inviolabile
2586 1469 3020 1536 sacramentum,
3059 1476 3203 1543 quod
3246 1490 3345 1546 per
3374 1477 3525 1534 illum
3560 1482 3660 1535 da-

395 1544 611 1600 sociare
634 1545 1005 1616 disponerent,
1035 1547 1091 1603 in
1114 1548 1229 1620 suis
1249 1549 1545 1608 bonoribus
1569 1565 1972 1624 permanerent.
2081 1559 2193 1606 tum
2219 1562 2322 1621 est,
2346 1556 2402 1611 in
2427 1556 2549 1615 aliis
2568 1559 2956 1629 perfectionem
2977 1579 3090 1620 suae
3109 1550 3327 1623 virtutis
3345 1569 3601 1626 obtinuit.
3635 1590 3655 1622 ι

397 1637 468 1692 Et
501 1638 718 1709 quidem
742 1639 1012 1709 Bonosus,
1038 1649 1198 1711 prout
1222 1641 1276 1698 in
1297 1641 1540 1712 ejusdem
1561 1644 1799 1703 decretis
1827 1647 1976 1703 inve-
2006 1628 2052 1688 Β
2080 1640 2223 1700 Ecce
2249 1645 2337 1701 vir
2362 1649 2692 1718 apostolicus
2720 1660 2976 1731 tanquam
2998 1669 3099 1726 pro
3126 1654 3283 1713 nobis
3316 1665 3510 1724 staret,
3559 1674 3656 1714 no-

393 1728 568 1795 nitur,
620 1728 979 1786 Photinianus
1039 1729 1210 1788 fuisse
1260 1733 1619 1805 dignoscitur.
1663 1735 1973 1793 photiniani

391 1827 577 1875 autem
606 1820 764 1892 123
804 1829 1005 1891 negant
1028 1822 1307 1879 Christum
1336 1823 1505 1881 Deum
1532 1834 1658 1882 ante
1680 1828 1881 1884 saecula
1903 1843 1974 1884 ex

381 1913 578 1969 *Patris
596 1914 898 1970 substantia
920 1915 1161 1986 genitum
1183 1916 1450 1974 extitisse.
1473 1917 1513 1973 li
1534 1917 1813 1985 nimirum,
1847 1919 1973 1989 qnia

390 2004 741 2061 cnm-ludaeis
768 2005 862 2060 Dei
907 2005 1102 2061 Filium
1152 2021 1354 2079 negare
1395 2023 1501 2064 non
1534 2017 1804 2077 metuunt,
1848 2025 1972 2065 cum

387 2095 598 2149 eisdem
620 2109 834 2167 quoque
858 2095 1198 2166 participium
1227 2111 1332 2154 non
1355 2098 1584 2155 diversae
1606 2099 1975 2156 damnationis

390 2185 694 2241 incurrunt.

465 2276 598 2332 Cum
628 2292 759 2349 ergo
783 2277 845 2345 ii,
875 2278 967 2351 qui
995 2295 1100 2336 non
1124 2279 1285 2336 modo
1312 2294 1342 2335 a
1372 2289 1481 2336 tam
1507 2280 1817 2350 pernicioso
1842 2295 1974 2338 con-

294 2440 309 2445 ·
386 2369 586 2424 secrati
613 2369 926 2425 reseruntur
947 2370 1223 2437 haeretico,
1248 2371 1343 2427 sed
1368 2369 1486 2438 eins
1506 2371 1729 2440 insuper
1747 2373 1971 2429 involuti

385 2461 691 2526 erroribus,
722 2461 777 2516 in
803 2462 1041 2531 acceptis
1091 2475 1413 2532 permanere
1458 2461 1716 2533 gradibus
1743 2463 1969 2533 permit·

389 2550 802 2618 tunturrl'acile
823 2550 1266 2621 deprehenditur,
1292 2551 1424 2621 quid
1467 2551 1534 2606 de
1581 2550 1669 2616 iis,
1699 2552 1791 2620 qui
1821 2567 1853 2607 a
1886 2550 1973 2608 si-

388 2641 653 2697 moniacis
680 2656 788 2696 non
833 2641 1134 2697 simoniace
1178 2649 1305 2697 sunt
1340 2641 1584 2711 provecti
1610 2680 1626 2705 ,
1669 2642 1972 2713 meritoque

378 2729 682 2798 judicetur.
711 2730 811 2787 Cui
857 2747 973 2788 non
1011 2732 1275 2788 dissimile
1316 2731 1489 2787 etiam·
1514 2730 1642 2786 illud
1688 2739 1796 2797 est,
1826 2732 1971 2802 qnod

380 2820 710 2877 Anastasius
737 2837 872 2894 papa
898 2825 966 2878 de
992 2822 1246 2879 bairetico
1286 2821 1486 2877 Acacio
1514 2820 1771 2887 decrevit,
1816 2818 1970 2890 cuins

2079 1741 2249 1789 stram
2286 1733 2341 1790 in
2375 1750 2436 1793 se
2463 1752 2684 1794 causam
2714 1741 3019 1810 suscepisse
3060 1745 3430 1816 perpenditur,
3479 1747 3557 1804 ita
3600 1756 3661 1802 ut

2078 1835 2216 1892 pene
2243 1822 2379 1879 nihil
2422 1826 2579 1882 nobis
2604 1826 2890 1884 dicendum
2930 1844 3093 1902 super
3139 1832 3299 1905 hujus
3343 1833 3660 1904 quaestionis

2078 1913 2304 1970 materia
2354 1915 2604 1973 videatur
2646 1919 2952 1989 reliquisse.
3006 1920 3179 1977 Eatur
3227 1937 3357 1995 ergo
3399 1933 3456 1979 et
3488 1931 3655 1980 tantae

2076 2002 2384 2058 auctoritati
2415 2003 2658 2074 improbe
2682 2007 2988 2085 resistatur,
3012 2024 3113 2065 nec
3150 2008 3385 2067 sufficiet
3409 2014 3655 2069 censori-

2075 2088 2178 2146 bus
2201 2092 2373 2157 novis,
2424 2094 2566 2165 quod
2608 2096 2944 2167 principibus
2992 2099 3154 2173 124
3201 2101 3483 2158 videbatur
3509 2105 3654 2161 anti-

2069 2183 2228 2252 quis;
2261 2194 2317 2238 ut
2366 2184 2495 2241 dum
2523 2186 2784 2245 discretio
2838 2204 2947 2245 non
2993 2199 3227 2257 tenetur,
3274 2192 3437 2249 etiam
3483 2194 3656 2264 pictas

2074 2273 2377 2330 amittatur.
2406 2275 2636 2344 Quidam
2682 2293 2919 2348 namque
2959 2278 3089 2336 dum
3127 2281 3326 2348 sancti,
3367 2282 3654 2358 plusquam

2074 2371 2222 2428 sunt,
2248 2363 2418 2420 videri
2446 2373 2727 2435 appetunt,
2753 2367 2834 2423 sic
2857 2378 3114 2440 corrupta
3138 2379 3404 2427 conantur
3439 2374 3655 2429 abscin-

2073 2453 2226 2520 dere,
2251 2462 2312 2509 ut
2335 2456 2721 2526 aggrediantur
2746 2457 2931 2526 etiam,
2960 2474 3082 2530 quae
3108 2457 3319 2517 sincera
3350 2472 3480 2520 sunt
3507 2462 3653 2520 lace·
3694 2448 3704 2456 ’

2074 2558 2234 2599 rare:
2272 2554 2438 2615 utque
2467 2546 2537 2602 ad
2568 2546 2788 2616 plausus
2818 2548 3097 2606 bominum
3124 2549 3409 2608 videantur
3436 2554 3489 2609 in
3520 2570 3649 2614 ccii-

2072 2647 2199 2689 sura
2217 2632 2445 2703 iustitiae
2468 2636 2715 2694 districte
2734 2639 3049 2708 persistere,
3074 2657 3183 2698 nou
3208 2652 3462 2699 verentur
3485 2660 3515 2698 a
3533 2646 3647 2715 pie·

2074 2726 2204 2783 tatis
2234 2728 2454 2786 tramite
2479 2729 2773 2786 crudeliter
2799 2732 3075 2790 aberrare.

2629 2839 2856 2898 CAPUT
2892 2840 3084 2900 xxvt.

385 2913 643 2968 nimirum
673 2912 975 2971 decretales
1019 2914 1300 2971 sententias
1342 2895 1452 2969 tam
1500 2913 1718 2970 elimate
1746 2912 1969 2988 digestae
1994 2962 2041 3022 C
2074 2928 2229 2994 Quod
2255 2928 2295 2983 ἢ
2321 2929 2499 2990 μέρη,
2527 2946 2660 3001 qao,
2682 2943 2795 3000 poa
2820 2931 3212 2993 damnationem
3235 2951 3389 2995 um„
3432 2939 3646 2997 oraim.

383 3011 539 3069 sunt,
562 3004 874 3074 nostrisque
899 3002 1310 3074 allegationibus
1331 3018 1430 3075 per
1455 3004 1637 3059 omnia
1659 3019 1934 3078 congrnen

385 3104 490 3160 tes,
515 3104 575 3150 ut
596 3096 814 3152 etiamsi
837 3111 959 3170 quae
987 3111 1019 3152 a
1060 3097 1219 3152 nobis
1243 3095 1509 3168 prolixius
1551 3106 1776 3155 exarata
1816 3108 1965 3166 sunt,
2035 3133 2040 3138 -

2317 3000 2386 3055 vil
2416 3000 2661 3066 Acacitu,
2688 3000 2975 3058 honoribus
3004 3020 3108 3058 anst
3132 3006 3413 3074 priventur.

2138 3087 2279 3156 Quid
2332 3088 2421 3144 isti
2463 3089 2659 3145 dicturi
2702 3098 2851 3157 suut,
2897 3091 3116 3148 audiant
3164 3094 3228 3150 dn
3280 3098 3361 3150 nis
3409 3114 3641 3170 mmmm,

381 3195 581 3242 eumn
614 3185 890 3253 (kemut,
937 3185 1006 3241 ad
1034 3187 1497 3257 compl-ommium
1538 3188 1685 3259 quod
1731 3188 1786 3244 in
1831 3204 1969 3261 μη.
2067 3194 2205 3252 111108
2225 3187 2348 3250 [1081
2364 3179 2763 3237 damnationem
2783 3181 3016 3239 Aeacius
3040 3186 3324 3246 urdinavit,
3357 3190 3483 3254 quit!
3509 3190 3645 3242 itlvm

382 3277 526 3331 senti
554 3275 921 3347 disputatione
949 3290 1250 3343 venamur,
1295 3277 1454 3347 plene
1498 3276 1792 3334 sufficiant,
1822 3279 1967 3347 Qua-
2066 3285 2205 3341 papa
2235 3269 2571 3326 decreverit:
2604 3285 2710 3325 noll
2746 3271 2890 3325 enim
2918 3285 3014 3327 008
3040 3274 3268 3326 arllilfflr
3296 3274 3397 3326 hila
3433 3274 3641 3346 legistin,

383 3377 607 3439 propter
630 3380 734 3425 nec
754 3382 855 3424 nos
881 3369 1065 3441 pigeat
1089 3368 1157 3426 de
1184 3369 1325 3441 stylo
1371 3367 1491 3439 ejus
1537 3369 1628 3426 hic
1673 3369 1966 3442 aliquando
2064 3361 2212 3432 quod
2240 3368 2453 3419 00118181
2478 3361 2548 3420 ὡ
2573 3360 2639 3417 lis
2669 3362 2957 3418 temerario
2980 3363 3260 3419 dli-{Simiam
3284 3366 3505 3434 judicius.
3545 3370 3645 3422 ἡυ-

383 3459 699 3528 prodnctins
728 3471 1031 3527 recensere,
1058 3468 1118 3515 ιιι
1142 3459 1288 3530 quod
1309 3459 1604 3530 loquimur,
1625 3475 1731 3516 non
1753 3476 1818 3517 ex
1840 3477 1967 3531 pro-
2064 3452 2218 3509 diant
2242 3452 2408 3524 igitur
2439 3451 2697 3523 pietatem
2727 3453 3032 3526 apostolicas
3064 3458 3224 3522 scilia,
3280 3470 3332 3510 et
3377 3450 3405 3510 zi
3453 3462 3645 3514 [tin-itia

384 3551 518 3618 priis
540 3548 1036 3617 adinventionibus,
1060 3550 1158 3606 sed
1193 3564 1259 3606 ex
1291 3550 1512 3606 Pan-um
1548 3549 1751 3621 regulis
1779 3551 1965 3607 ridea-
2066 3543 2269 3615 proprii
2320 3544 2664 3602 emolliantur
2707 3546 2998 3604 examinis.
3044 3546 3172 3602 Post
3220 3550 3308 3606 illa
3361 3550 3645 3622 siqnidem.

258 3665 275 3678 ν
382 3656 506 3696 mar
532 3655 845 3711 excerpere.
870 3642 964 3697 Αἰι
995 3654 1233 3713 namque
1280 3641 1423 3697 inter
1455 3650 1652 3698 caeoera
1679 3640 1844 3713 (Diu.
1874 3643 1962 3707 19,
2064 3650 2187 3706 qttae
2216 3636 2582 3707 praemisimus
2606 3644 2662 3693 et
2695 3637 2799 3694 ista
2829 3637 3108 3712 subjungit
3137 3659 3152 3695 t
3180 3640 3336 3710 Quod
3362 3642 3406 3698 εἰ
3431 3641 3643 3713 aliquo·

382 3747 431 3786 c.
462 3731 519 3802 1)
543 3731 838 3787 Anastasio
862 3733 1210 3802 imperatori:
1249 3750 1269 3783 ι
1323 3730 1635 3787 Secundum
1684 3731 1960 3801 Ecclesiae,
2066 3741 2209 3794 rum,
2238 3726 2435 3798 inquit,
2457 3726 2512 3782 in
2542 3734 2751 3783 tantum
2775 3743 2835 3784 se
2858 3731 3103 3786 extendit
3117 3731 3330 3788 curiosa
3350 3734 3645 3803 suspectio,

384 3821 580 3890 inquit,
618 3820 896 3875 catbolicae
923 3821 1393 3886 consuetudinem,
1426 3819 1854 3876 sacratissimum
1877 3835 1964 3877 se-
2066 3824 2126 3871 ut
2155 3817 2518 3889 imaginentur
2542 3817 2755 3889 prolato
2781 3833 2814 3875 a
2843 3835 2979 3891 papa
3006 3820 3186 3877 Felice
3202 3819 3424 3889 judicio.
3457 3835 3645 3893 postea

385 3911 630 3966 renitatis
660 3919 764 3966 tuae
790 3921 978 3982 pectus
1001 3920 1282 3982 agnoscat,
1309 3911 1454 3982 quod
1501 3910 1708 3966 nullum
1761 3911 1827 3966 de
1855 3912 1961 3978 his,
2064 3905 2422 3965 inefficaciter
2451 3908 2506 3964 in
2532 3910 2917 3976 sacramentis,
2944 3924 3066 3980 quae
3096 3910 3327 3967 Aeacius
3346 3911 3644 3982 usurpavit,

380 4000 464 4053 vel
493 4015 631 4069 quos
658 4000 953 4070 baptizavit
999 3999 1256 4066 Aeacius,
1308 3998 1388 4054 vel
1442 4014 1579 4071 qnos
1625 4000 1959 4066 sacerdotes,
2063 4000 2280 4071 egisse:
2318 4014 2384 4054 ac
2407 3999 2632 4070 proinde
2658 4009 2872 4070 oportet
2890 4015 2985 4056 eos
3028 4008 3292 4067 metuere,
3322 4001 3416 4072 qui
3459 4002 3544 4059 vel
3591 4004 3645 4060 in

376 4092 492 4147 sive
523 4091 749 4157 levitas,
781 4091 1078 4148 secundum
1122 4102 1358 4147 canones
1400 4090 1692 4158 ordinavit,
1740 4091 1845 4146 ulla
1894 4107 1962 4148 ex
2065 4088 2583 4153 consecrationibus,
2610 4087 2694 4145 vel
2720 4087 2773 4144 in
2797 4089 3124 4161 baptismate
3151 4090 3407 4160 mysteria
3450 4091 3645 4148 tradita

379 4183 598 4237 nomine
624 4181 809 4238 Aeacii
839 4181 1016 4252 portio
1042 4180 1277 4237 laesionis
1313 4181 1562 4252 attingat,
1594 4195 1701 4252 quo
1728 4181 1958 4238 forsitan
2064 4189 2440 4251 susceperunt,
2471 4193 2542 4235 ne
2568 4180 2723 4255 irrita
2771 4179 3038 4237 beneficia
3085 4179 3268 4236 divina
3316 4181 3600 4241 videantur
3634 4202 3647 4239 z

376 4287 472 4339 per
501 4272 743 4342 iniquum
772 4270 967 4327 tradita
1018 4271 1344 4327 sacramenti
1373 4272 1549 4343 gratia
1595 4271 1775 4328 minus
1802 4273 1956 4328 tirma
1989 4301 2039 4361 D
2064 4269 2411 4337 meminerint
2450 4269 2504 4325 in
2543 4268 2683 4325 banc
2729 4284 2949 4343 quoque
2984 4278 3210 4341 partem.
3240 4271 3490 4330 similiter
3528 4282 3644 4332 tra-

376 4365 642 4417 videatnr.
681 4362 816 4417 Nam
839 4370 898 4418 et
916 4361 1204 4433 baptisma,
1230 4362 1375 4432 quod
1401 4359 1587 4432 procul
1627 4363 1687 4416 iit
1732 4362 1802 4417 ab
1848 4363 1953 4418 Ec-
2063 4360 2587 4433 ctatumpraeralere
2610 4360 2967 4432 superiorem,
2998 4362 3126 4433 quia
3144 4379 3252 4420 non
3273 4364 3392 4422 sine
3411 4380 3647 4439 usurpa-

375 4454 559 4517 clesia,
586 4455 703 4509 sive
728 4455 799 4509 ab
826 4452 1090 4519 adultero,
1145 4453 1261 4509 sivo
1294 4468 1326 4509 a
1371 4450 1492 4509 sure
1535 4453 1700 4509 ruerit
1742 4455 1953 4522 datum,
2066 4452 2213 4509 tione
2248 4452 2533 4510 sacerdotii
2558 4450 2852 4520 adjudicati
2879 4454 2983 4509 boc
3009 4455 3142 4524 egit,
3169 4455 3222 4510 in
3250 4470 3360 4527 quo
3386 4456 3640 4514 virtutem

374 4544 439 4596 ad
467 4542 852 4614 percipientem
877 4542 1054 4603 minus
1082 4542 1335 4614 pervenit
1371 4541 1661 4607 illibatum,
1689 4542 1817 4612 qnia
1847 4558 1954 4597 vox
2062 4561 2219 4601 suam
2252 4545 2625 4603 obtinentibus
2671 4545 2947 4616 mysteriis
2995 4545 3050 4601 in
3102 4547 3205 4604 boc
3252 4562 3470 4620 quoque
3520 4549 3647 4606 aliis

376 4633 486 4699 illa.
505 4649 628 4704 quae
646 4634 830 4690 sonuit
853 4647 951 4704 per
970 4634 1296 4697 columbwl,
1323 4647 1539 4689 omnem
1564 4632 1831 4688 maculam
1856 4632 1960 4687 hu·
2062 4653 2156 4693 rea
2183 4637 2284 4695 sibi
2313 4651 2544 4707 persona
2570 4651 2678 4692 non
2704 4637 2908 4693 nocuit.
2936 4636 3073 4693 Nam
3101 4638 3171 4694 ad
3194 4637 3344 4694 illum
3367 4639 3641 4710 pertinuit,

375 4739 547 4780 manae
587 4723 903 4795 pollutionis
933 4724 1205 4790 excludit,
1239 4744 1258 4776 ι
1306 4723 1452 4794 qnod
1499 4722 1810 4780 declaratur
1830 4738 1955 4778 cum
2062 4733 2205 4801 qnod
2228 4730 2354 4786 tuba
2373 4729 2625 4784 Davidica
2649 4729 2725 4784 ita
2749 4728 2997 4785 canitur:
3025 4745 3047 4782 ι
3080 4728 3462 4786 Verumtamen
3502 4729 3648 4788 Deus

375 4813 611 4869 dicitur:
645 4832 666 4866 ι
696 4812 798 4870 llic
822 4820 934 4879 est,
958 4814 1050 4883 qui
1087 4813 1328 4884 baptizat
1351 4814 1420 4867 in.
1439 4811 1647 4882 Spiritu
1674 4820 1863 4868 sancto
1899 4820 1959 4866 et
2060 4817 2446 4889 conquassabit
2490 4818 2669 4889 capita
2714 4818 3059 4876 inimicorum
3090 4834 3310 4876 suorum
3335 4860 3351 4884 ,
3379 4821 3642 4878 verticem

376 4904 498 4974 igne
523 4901 740 4975 (nauh.
841 4902 951 4964 ιιι).
989 4922 1009 4956 ι
1036 4902 1172 4959 Nam
1198 4903 1244 4959 si
1274 4901 1502 4958 visibilis
1525 4901 1656 4957 solis
1682 4902 1842 4957 istius
1867 4916 1955 4957 ra·
2059 4906 2236 4978 capilli
2259 4906 2749 4978 perambulantium
2778 4908 2834 4964 in
2860 4907 3072 4965 delictis
3093 4909 3209 4976 suis
3234 4907 3633 4985 (Probanda

375 4995 447 5050 dii
469 5010 594 5051 curn
618 5010 721 5067 per
742 4994 862 5052 loca
889 4995 1209 5050 fetidissima
1241 5001 1545 5059 transeunt,
1587 4992 1733 5048 nulla
1771 5002 1954 5049 conta-
2059 4998 2197 5054 Nam
2234 4997 2487 5069 superbia
2524 5013 2742 5069 semper
2773 4998 2897 5067 sibi,
2947 5014 3055 5054 non
3084 4999 3205 5056 aliis
3247 4998 3377 5056 facit
3403 5000 3638 5055 ruinam.

374 5095 492 5141 ctus
527 5085 892 5143 maculatione
942 5087 1331 5159 inquinantur:
1361 5087 1531 5142 multo
1570 5085 1742 5156 magis
1786 5084 1951 5152 illius,

376 5179 462 5247 qui
492 5179 656 5236 istum
681 5179 948 5237 viabilem
977 5180 1127 5245 fecit,
1158 5181 1330 5236 virtus
1358 5181 1502 5236 nulla
1532 5179 1819 5237 ministerii
1862 5181 1947 5236 in-

375 5270 632 5340 dignitate
655 5271 1009 5343 contingitur.
1041 5270 1177 5327 Nam
1206 5282 1263 5328 et
1287 5271 1476 5344 «ludas,
1508 5287 1633 5329 cum
1663 5270 1829 5328 suerit
1857 5287 1946 5329 ss·

376 5361 605 5433 crilegus
650 5370 815 5435 atque
837 5363 927 5418 tur
951 5364 1132 5435 (loun.
1197 5380 1273 5421 ιιι
1299 5366 1350 5433 l,
1379 5363 1638 5437 quidquid
1669 5366 1781 5434 egit
1808 5363 1949 5419 inter

376 5455 644 5522 apostolos
672 5470 773 5527 pro
794 5456 1057 5527 dignitate
1104 5459 1413 5524 commissa,
1443 5472 1549 5514 non
1576 5466 1661 5514 est
1688 5459 1945 5528 reproba-

379 5552 523 5601 tum:
552 5556 611 5603 et
637 5546 922 5613 beneficia,
952 5561 1044 5617 per
1073 5543 1354 5610 ind²gnum
1378 5552 1524 5616 data,
1557 5550 1700 5604 nulla
1744 5565 1811 5605 ex
1842 5550 1945 5605 boc

813 5639 1082 5700 Parnm--
1125 5648 1348 5713 CLXV.

2056 5089 2210 5155 Quod
2260 5088 2513 5144 universa
2565 5087 2976 5161 Scripturarum
3019 5090 3286 5145 sententia
3331 5088 3633 5144 coelestium

2059 5191 2290 5236 testatur
2322 5180 2648 5246 auctoritas,
2695 5182 2836 5238 sicut
2878 5169 3042 5239 etiam
3071 5196 3165 5250 per
3212 5177 3473 5252 Spiritum
3507 5193 3634 5233 san-

2057 5282 2203 5327 ctum
2227 5272 2427 5329 dicitur
2454 5271 2509 5327 in
2538 5270 2807 5342 Propheta
2834 5286 2850 5327 t
2878 5290 2897 5324 t
2930 5271 3047 5326 Non
3078 5268 3343 5324 habitabit
3370 5267 3423 5323 in
3459 5267 3635 5323 medio

2056 5365 2246 5418 domus
2275 5378 2429 5431 tneae,
2459 5365 2553 5434 qui
2577 5362 2710 5420 facit
2738 5362 3048 5432 superbiam
3077 5358 3249 5433 (Psat.
3281 5360 3353 5430 c).
3417 5379 3435 5411 ι
3483 5359 3634 5416 Unde

2055 5475 2178 5513 cnm
2206 5457 2308 5513 sibi
2338 5457 2641 5514 sacerdotis
2666 5470 2862 5511 nomen
2895 5452 3274 5518 vindicaverit,
3302 5452 3632 5509 condemna*

2058 5557 2143 5602 tus
2168 5549 2219 5601 in
2247 5548 2418 5620 ipsius
2444 5547 2700 5602 verticem
2740 5543 3004 5615 superbire
3032 5550 3211 5598 tumor
3244 5542 3489 5626 inflictus
3516 5551 3630 5597 est·

3162 5637 3201 5697 5
