4017 6192
252 237 306 297 ⁸2:2¹5
486 240 515 294 S.
531 238 632 296 Petet
652 238 792 295 hahthttt
808 237 883 294 OPP.
902 235 1019 293 tonus
1039 235 1105 295 SEU
1125 235 1215 295 PARS
1233 239 1275 296 ΙΙΙ.
1290 238 1517 300 -orhschta
1535 242 1652 300 lelih.
1834 254 1890 310 204

254 366 415 433 praeceptum
439 358 538 414 debere
559 356 695 429 conjungi,
716 369 777 410 cum
801 369 855 410 nnn
877 354 1040 420 inveniatur,
1054 369 1079 427 Α
1093 369 1170 409 cessu
1195 364 1344 426 temporum
1370 355 1498 425 paulatim
1523 371 1630 426 semper
1654 359 1777 415 excrevit
1792 379 1800 416 a
1815 379 1892 420 nune

253 468 306 522 qno
319 449 524 522 propinquitatis
540 447 645 517 possint
657 445 787 501 vocabulo
805 445 1043 515 nuncupariiSed
1093 454 1183 499 autem
1212 444 1303 500 divion
1326 445 1382 514 jam
1410 445 1567 505 imminente
1589 445 1713 516 judicio,
1737 463 1798 507 cunr
1823 468 1892 508 sua-

254 542 341 596 ridcte
366 538 429 610 quid
461 538 487 592 in
516 534 569 590 line
592 534 732 589 sentcntiae
761 532 871 596 dicitnr,
897 532 1042 602 quietalis
1089 533 1171 589 'dendi
1203 545 1294 590 essent
1324 535 1448 591 homines
1477 536 1589 592 narniae
1617 537 1709 591 carreis
1737 538 1891 608 voluptates

252 627 480 685 catinstnecstas
505 632 556 676 est.
588 623 616 675 ln
637 619 759 677 Decretis
779 636 886 691 quoque
912 622 1042 678 innocen·
1092 624 1241 690 abscidere,
1260 625 1330 680 ultro
1355 626 1436 681 etiam
1457 635 1640 696 provocantur
1661 627 1814 687 incestuosa
1829 648 1889 688 ma·

254 720 281 773 ni
309 731 383 782 papae
407 711 523 781 tegitur:
541 729 551 763 t
567 709 709 775 Relictam,
738 708 834 779 inquit,
863 712 946 768 oatris
974 722 1043 765 uxo·
1093 715 1218 773 trimetria
1241 714 1384 772 ioedetare.
1413 715 1552 773 hdversue
1577 732 1642 788 crgo
1665 718 1817 795 hujusmodi
1841 738 1890 789 pe·

252 804 289 857 ris
308 817 375 865 snae,
395 800 517 856 relictam
536 798 628 853 hatris
647 799 739 854 uxoris
762 813 828 864 suae,
853 801 972 854 relictam
992 799 1040 854 hili
1093 811 1149 858 stes
1169 802 1345 859 sacerdotalis
1368 818 1399 860 se
1423 805 1572 860 auctoritas
1589 806 1685 877 erigat,
1707 814 1736 861 et
1758 808 1889 880 improbae

252 892 344 948 uxoris
364 906 429 952 suae.
455 890 576 945 relictam
600 889 856 960 consanguineorum
870 892 1039 958 oxortssoae,
1093 893 1237 949 temeritati
1263 891 1453 949 ecclesiastice
1481 893 1630 963 disciplinae
1661 894 1737 965 vigor
1760 898 1887 957 obsistat.

251 998 335 1054 osque
360 983 387 1038 ln
407 983 514 1036 tertiam
541 982 695 1051 progeniem
718 995 798 1034 nemo
822 979 847 1034 iu
868 995 977 1035 uxorem
996 995 1043 1035 so·
1092 980 1150 1035 Non
1179 980 1259 1035 detur
1283 996 1366 1036 coron
1386 983 1533 1052 peccatori,
1559 983 1633 1038 nulla
1650 984 1818 1057 relinquatur
1834 1005 1889 1044 au·

251 1085 341 1131 matt
369 1074 455 1130 Porro
484 1082 573 1128 autem
599 1072 626 1126 in
653 1072 779 1125 omnihus
803 1071 845 1126 his
872 1072 995 1141 personis
1014 1079 1043 1126 et
1093 1066 1168 1123 dacia
1193 1067 1320 1123 vanitati.
1353 1066 1433 1123 Vivat
1463 1069 1552 1125 adhuc
1578 1071 1607 1126 in
1634 1071 1756 1128 Ecclesia
1784 1072 1888 1133 Christi

251 1166 388 1221 aidnitatis
410 1163 567 1236 cognomina
589 1176 640 1217 non
659 1162 841 1230 reperiuntur,
860 1172 888 1218 et
907 1163 977 1219 iuter
995 1176 1042 1219 eas
1092 1155 1136 1211 ille
1162 1157 1296 1213 Mosaicos
1323 1173 1436 1233 serpens
1466 1157 1562 1232 (Num.
1589 1162 1668 1233 ιιι),
1691 1164 1737 1232 qni
1764 1165 1889 1223 incauta-

252 1252 341 1314 tamen
365 1255 485 1310 contiabi
511 1253 711 1308 matrimonium
732 1252 900 1323 prohibetur.
1093 1256 1180 1302 torum
1206 1248 1332 1304 colubros
1361 1249 1490 1316 sorbeat;
1520 1250 1604 1316 vivat,
1634 1253 1755 1323 inquam,
1780 1256 1889 1325 spirita·

285 1347 361 1416 Quod
391 1347 414 1401 si
440 1345 553 1401 necdum
577 1344 620 1398 his
643 1343 827 1413 acquiescitis,
851 1352 932 1413 atque
953 1342 1042 1398 adhuc
1092 1336 1126 1391 lis
1149 1339 1303 1407 prodentia,
1325 1354 1385 1409 (11¹ae
1404 1339 1521 1396 carnalis
1545 1342 1671 1404 versutie·
1696 1355 1801 1400 terrena
1820 1362 1887 1402 ooa-

250 1442 407 1509 impugnare
436 1435 569 1500 tentatis,
598 1444 632 1489 er
661 1433 760 1490 restris
785 1432 907 1505 proiecto
933 1433 1041 1489 exedris
1092 1436 1196 1493 sumat;
1224 1437 1253 1482 ut
1270 1443 1337 1498 qnos
1361 1430 1464 1500 proprii
1488 1429 1593 1485 arbitrii
1619 1432 1728 1488 libertas
1753 1433 1888 1493 effrenata

250 1530 387 1583 nurnimea
416 1524 575 1593 arripimus,
601 1523 672 1593 qood
700 1522 796 1578 vestris
826 1524 920 1579 itidem
945 1522 1041 1592 jaculis
1092 1515 1252 1584 laniem,
1283 1518 1422 1574 cantittlcae
1454 1519 1606 1575 severitatis
1636 1537 1750 1579 censura
1778 1540 1889 1597 compe·

249 1628 424 1687 opponamus.
454 1613 550 1668 Vester
577 1628 693 1683 namque
711 1613 879 1670 lastinianus
897 1626 1039 1686 postquam
1092 1614 1172 1662 ⁸0³1:
1193 1617 1221 1663 Θῑ
1242 1623 1310 1677 (11105
1333 1616 1461 1681 linquant
1487 1612 1601 1669 celebris
1628 1613 1707 1671 santae
1735 1625 1825 1675 tuntnr
1845 1619 1889 1675 ia·

249 1722 296 1759 sax
323 1705 440 1774 undique
466 1702 655 1773 cognationum
679 1703 779 1772 gradus
801 1711 950 1766 enumerat,
976 1719 1039 1759 mox
1055 1704 1077 1764 B
1091 1696 1210 1762 flaverat.
1235 1699 1347 1755 reddite
1375 1701 1488 1756 rationis
1511 1705 1630 1774 gravitas
1656 1717 1785 1775 premat:
1803 1724 1885 1780 quoe

249 1792 323 1850 addit
347 1791 457 1864 (lania,
484 1791 530 1846 lib.
558 1802 598 1852 m.
617 1791 656 1845 tlt.
676 1790 714 1844 lle
732 1791 808 1860 prod.
828 1808 902 1861 cogn.
920 1791 1039 1863 percpi:
1091 1802 1154 1861 que¹
1168 1786 1229 1842 lldei
1255 1788 1344 1845 unitas
1367 1800 1522 1861 congregat,
1544 1792 1674 1847 doetrinae
1692 1795 1810 1852 scissura
1829 1814 1887 1857 non

251 1884 316 1939 «Ex
342 1881 396 1948 his,
425 1880 520 1950 inquit,
544 1879 634 1950 palam
658 1889 701 1935 est
729 1880 878 1950 intelligere
908 1882 1039 1950 quemad·
1090 1885 1209 1947 spargat.
1232 1874 1278 1932 Sic
1295 1877 1477 1934 sicnimirunr
1493 1879 1829 1943 vestrostudioadsohrii
1845 1888 1888 1943 in-

249 1974 358 2031 modum
386 1970 528 2027 ulteriores
551 1985 658 2041 quoque
685 1970 784 2040 gradus
808 1984 969 2026 enumerare
995 1971 1041 2027 de-
1091 1965 1214 2022 tcllectos
1232 1964 1405 2023 concordiam
1431 1970 1551 2035 redeant,
1578 1979 1607 2027 et
1626 1986 1681 2041 ram
1709 1975 1825 2032 humiles
1846 1977 1889 2039 ia.

244 2065 360 2119 hearnus
383 2078 390 2116 :
415 2061 514 2132 quippe
543 2070 671 2131 generata
698 2074 810 2129 quaeque
837 2075 952 2129 persona
975 2076 1040 2132 gra·
1090 2059 1147 2125 eti,
1171 2074 1226 2114 uno
1246 2060 1343 2130 spiritu
1370 2075 1431 2114 cnm
1453 2060 1636 2117 ecelesiastica
1658 2079 1689 2120 se
1712 2080 1780 2135 paee
1809 2083 1888 2124 eom-

249 2155 313 2210 dum
341 2153 471 2224 adjiciat,
501 2158 530 2205 at
556 2152 636 2220 longe
674 2150 779 2206 facilius
807 2153 842 2206 sit
876 2153 1041 2223 respondere
1088 2162 1214 2221 ponam;
1240 2163 1374 2221 quatenus
1404 2161 1431 2208 et
1456 2162 1614 2211 veternosus
1641 2157 1751 2215 coluber
1778 2160 1889 2216 desinat

248 2262 302 2317 quo
325 2245 438 2315 quisque
470 2243 553 2314 gradu
579 2244 636 2305 sit,
664 2257 744 2312 qoaor
772 2242 880 2313 pmpria
903 2243 1041 2332 cognatio·
1089 2243 1164 2311 pravi
1188 2244 1321 2315 dogmatis
1341 2245 1415 2299 virus
1438 2243 1562 2311 effluere,
1586 2256 1615 2302 et
1638 2247 1758 2306 Ecclesia
1782 2251 1887 2308 Christi

249 2338 292 2393 nis
320 2335 495 2406 appellatione
522 2346 686 2403 quemquam
717 2332 886 2387 denotare.»
922 2331 950 2388 Si
975 2347 1040 2402 ergo
1090 2335 1124 2391 de
1148 2343 1245 2391 eaetero
1267 2337 1371 2408 integra
1395 2338 1480 2406 possit
1503 2337 1530 2393 iu
1552 2340 1595 2395 sui
1619 2342 1731 2409 pudoris
1754 2344 1886 2400 munditia

248 2427 385 2499 legislator
409 2427 466 2496 ipse
496 2423 551 2479 illic
576 2422 817 2493 consanguinitatis
847 2423 946 2493 grados
974 2438 1040 2479 enu-
1089 2442 1261 2498 permanere.

157 2539 159 2543 ·
248 2523 344 2581 merat,
377 2515 422 2569 uhi
447 2512 554 2569 nomina
580 2513 673 2568 deesse
698 2520 823 2579 testatur,
852 2512 916 2584 qnid
941 2512 1040 2567 mirum
1087 2541 1876 2569 -———--—--........

247 2610 270 2665 si
293 2623 342 2663 nos
365 2606 459 2662 eadem
487 2603 640 2671 iacientes,
667 2612 696 2659 et
722 2604 794 2659 inter
820 2604 879 2659 illos
906 2619 966 2659 esse
994 2603 1040 2673 jus
1303 2604 1648 2665 hissohtnitttrtctltt

247 2698 455 2770 propinquitatis
483 2698 652 2761 asserimus,
674 2711 789 2768 quorum
817 2696 943 2751 videlicet
967 2695 1040 2752 rela-
1229 2697 1274 2753 ot:
1301 2697 1474 2755 ohaototts
1502 2699 1740 2759 COGNthONlS.

247 2790 302 2846 dra
328 2787 457 2844 vocabula
484 2781 538 2842 non
560 2786 716 2842 hahenturi
740 2785 826 2842 'lanto
849 2787 906 2857 jam
931 2787 965 2843 de
992 2803 1040 2858 pa·
1087 2786 1287 2844 Aaouuenrux.
1306 2818 1342 2829 -·
1359 2789 1507 2856 Quemdam
1531 2794 1718 2865 presbyterum
1748 2798 1884 2864 consulit,

198 2928 205 2937 ‚
247 2878 350 2936 reunia
374 2892 418 2932 me
450 2876 551 2931 dixisse
581 2874 723 2943 subiciat,
757 2892 791 2931 ne
818 2891 920 2948 pauper
953 2876 1039 2947 stylus
1124 2874 1242 2927 quooarn
1261 2868 1340 2928 pacto
1358 2861 1548 2930 cognationum
1566 2865 1666 2933 gradus
1684 2868 1821 2922 numerari
1837 2870 1887 2925 de-

247 2968 355 3024 modum
379 2967 430 3022 sihi
454 2981 578 3038 congruae
597 2966 738 3022 brevitatis
761 2968 873 3023 excedat
887 2986 893 3021 ε
907 2968 978 3041 quod
998 2976 1039 3022 ta·
1123 2928 1234 3053 menn
1256 2931 1887 3069 maz?¹2¹30²2gifficffl¹⁰g¹odfflbfflggnffii

248 3073 309 3114 men
323 3053 354 3114 itt
364 3057 492 3123 arbitror,
505 3056 527 3111 si
541 3055 682 3126 diligenter
695 3057 851 3123 attenditur,
867 3058 965 3122 orariis,
979 3041 1075 3128 quiec
1123 3068 1211 3136 prima
1237 3082 1351 3136 persona
1377 3083 1484 3139 semper
1512 3072 1641 3145 abundet)
1669 3082 1699 3129 ut
1722 3074 1756 3130 ab
1781 3092 1814 3132 ce
1839 3091 1887 3134 re·

246 3163 328 3220 super
342 3148 392 3204 hoc
410 3147 517 3218 negotio
530 3160 616 3216 nuper
630 3157 788 3215 emerserat,
799 3148 911 3220 querela
923 3149 1037 3219 sopitur.
1124 3138 1221 3193 cedere
1237 3136 1313 3193 nelas
1335 3137 1381 3220 sit,
1404 3138 1552 3208 praesertinr
1572 3158 1634 3196 com
1645 3141 1786 3200 ’norrnulla
1806 3145 1885 3203 sert-

1123 3216 1209 3288 ptorae
1235 3206 1294 3261 loca
1321 3207 1461 3263 videantur
1480 3210 1600 3266 obstare.
1630 3210 1701 3268 Petit
1724 3213 1827 3285 igitur,
1853 3227 1885 3272 ot

546 3256 660 3314 CAPUT
684 3257 741 3314 ΧΠ·
826 3324 831 3335 χ
1123 3290 1151 3330 ro
1176 3275 1228 3332 hac
1254 3276 1420 3334 dttbitatione
1442 3282 1521 3334 'suern
1543 3283 1706 3338 sententiam
1725 3283 1882 3355 patefaciet.

423 3368 567 3425 23⁶¹⁴⁸⁰¹5⁰
589 3367 714 3439 ¹⁰'llll'0’l'l
735 3369 863 3441 Wlffl-
1122 3386 1227 3444 Domno
1247 3386 1279 3443 S.
1299 3387 1424 3459 religioso
1443 3390 1611 3465 presbytero,
1632 3391 1739 3450 Parrus
1756 3404 1886 3467 peccator

281 3481 385 3537 Dixerit
406 3495 450 3535 me
474 3480 606 3551 quispiam
628 3481 719 3537 verbis
741 3481 853 3537 liberius
872 3489 1035 3554 evagatum,
1087 3480 1234 3535 monachus
1256 3479 1442 3537 indissolubile
1461 3481 1594 3548 glrrtlaum
1610 3485 1761 3544 charitatis.

246 3571 294 3628 sed
318 3570 384 3626 mihi
410 3570 478 3624 ttnti
507 3578 550 3625 est
577 3570 761 3639 proximorum
790 3586 911 3627 meorum
942 3569 1034 3636 nilus,
1121 3562 1877 3637 Adm⁰¹¹0¹l¹l⁸³ltiess⁸ilc¹¹ffl'iflbllhllihlentim

248 3668 279 3714 ut
305 3674 360 3714 nou
389 3658 506 3714 otiosum
526 3658 635 3712 credam
660 3658 806 3714 multomm
833 3659 967 3730 lignorum
988 3673 1037 3731 py-
1088 3663 1173 3712 tracta
1190 3656 1226 3711 dc
1238 3657 1368 3723 sanitate,
1384 3667 1411 3715 et
1426 3672 1489 3713 cum
1510 3657 1584 3726 insto
1600 3658 1635 3714 de
1654 3657 1759 3729 justina
1775 3654 1875 3726 (diecti.

247 3764 305 3805 rara
327 3750 492 3812 accendere,
519 3762 572 3817 qua
599 3746 772 3814 basiliscum,
798 3748 860 3804 licet
889 3750 1035 3819 exiguum,
1088 3744 1246 3814 xxxvn,iti
1258 3748 1310 3821 (8).
1325 3768 1334 3802 r
1352 3750 1495 3817 Quietlam
1507 3748 1683 3821 postmodum
1694 3749 1771 3805 dicit.
1784 3766 1794 3801 ι
1806 3748 1875 3804 llum

246 3838 374 3896 incolumi
399 3836 497 3909 populo
522 3852 633 3893 neeesse
657 3839 694 3893 sit
720 3838 857 3895 interire:
876 3854 928 3896 nee
951 3840 1035 3897 multa
1086 3840 1253 3897 virosancto
1267 3843 1395 3898 assiduus
1420 3851 1490 3907 esto,
1501 3854 1701 3914 quemcunque
1715 3839 1877 3912 cognoveris

245 3948 316 4007 aqua
337 3932 455 3990 inaniter
472 3929 594 3987 londino
615 3930 638 3988 si
660 3931 773 3987 scintilla
796 3931 876 4003 iguis,
899 3946 952 4002 qua
970 3931 1035 3987 urbs
1084 3934 1276 3993 observantem
1297 3935 1425 3991 timorem
1439 3932 1488 3992 liei
1504 3936 1582 4007 (ibid.
1601 3934 1658 4005 lh).
1673 3952 1683 3987 ι
1701 3931 1876 4003 Quapropter

244 4022 391 4082 cremanda
413 4019 512 4088 luerat,
536 4020 730 4091 exstinguatur.
752 4017 820 4075 litis
842 4018 923 4089 plane
936 4019 1035 4089 sagitta
1085 4030 1135 4088 ego
1148 4027 1182 4091 te,
1194 4016 1356 4072 venerahilis
1369 4013 1463 4081 irater,
1474 4030 1633 4088 agnoscens,
1645 4019 1882 4090 congruomduxi,

226 4093 360 4186 'pectori
373 4110 498 4167 betianus
526 4109 663 4180 inigitur,
688 4110 735 4166 sed
762 4120 906 4179 antequam
930 4117 1033 4175 exeat,
1085 4124 1139 4164 non
1162 4107 1273 4164 consilia
1295 4115 1384 4163 mcum
1406 4115 1512 4163 terrena
1535 4108 1668 4176 conterre,
1686 4109 1734 4165 scd
1751 4110 1785 4165 de
1801 4110 1884 4181 spiri-

244 4202 330 4259 multo
354 4200 448 4257 labore
479 4201 601 4254 sudatur.
629 4200 820 4256 Verumtamen
850 4202 898 4271 qui
925 4214 969 4255 me
995 4200 1036 4254 la·
1087 4202 1132 4257 tali
1152 4201 1250 4270 potius,
1273 4208 1300 4255 et
1322 4198 1504 4256 ecclesiastica
1526 4201 1675 4270 quaestione
1698 4208 1824 4258 tractare.
1849 4202 1883 4259 ta

244 4292 340 4349 ciniosi
363 4291 453 4360 operis
481 4290 578 4359 arguit,
600 4291 747 4360 perpendat
767 4304 829 4345 com
851 4290 949 4361 quihus
967 4293 1032 4348 milri
1085 4292 1214 4363 opusculo
1241 4292 1389 4361 siquidem,
1415 4292 1460 4347 ubi
1486 4293 1520 4348 de
1543 4293 1688 4362 parentelae
1718 4293 1797 4366 103
1816 4311 1883 4367 gra·

244 4382 281 4438 sit
303 4382 330 4436 ia
358 4380 408 4434 bac
427 4378 621 4448 disceptatione
647 4379 726 4450 192
753 4380 889 4450 negotium
905 4391 953 4436 :et
970 4396 1032 4438 mox
1049 4382 1163 4458 [gdihus
1184 4382 1326 4450 disputavi,
1346 4382 1417 4437 inter
1438 4393 1535 4437 msera
1552 4382 1657 4438 dixisse
1677 4397 1721 4439 me
1744 4385 1879 4441 memini:

244 4469 399 4526 necessitati
419 4468 539 4537 deputet,
562 4469 633 4536 quod
655 4468 811 4525 verbositati
837 4471 966 4525 hacteuus
984 4473 1031 4526 ad·
1082 4472 1112 4526 ln
1140 4473 1349 4544 cognationum,
1376 4472 1505 4542 inquam,
1535 4473 1754 4545 generationibus
1785 4488 1883 4530 nume

233 4560 389 4621 scrihebat.
411 4557 598 4615 Necessarium
624 4575 721 4630 nempe
746 4563 871 4621 duximus
890 4564 941 4619 ista
965 4580 1031 4620 enn-
1085 4564 1177 4620 randis
1194 4580 1247 4619 uae
1270 4580 1377 4635 semper
1394 4564 1476 4621 debet
1496 4564 1635 4621 abundare
1650 4581 1774 4637 persona.
1801 4565 1881 4635 Quod

242 4653 382 4719 scrihere,
404 4665 438 4708 ne
460 4667 578 4717 cancer,
607 4654 652 4723 qui
679 4653 707 4708 in
734 4654 792 4710 dies
818 4666 867 4727 per
890 4669 1032 4729 augmenta
1085 4654 1167 4710 etiam
1186 4653 1348 4724 approbans,
1369 4652 1588 4725 addidltllcque
1606 4658 1726 4713 enimex
1746 4671 1798 4712 una
1816 4672 1882 4728 per·

213 4802 217 4819 .
243 4747 379 4815 serpebat,
408 4743 578 4815 pestilentius
603 4743 692 4800 adbuc
712 4761 742 4801 se
765 4762 815 4818 per
839 4748 965 4804 Ecclesiae
990 4748 1033 4805 vi·
1085 4759 1152 4800 sona
1176 4750 1263 4814 potest
1286 4744 1426 4814 generatio
1450 4744 1519 4800 lieri.
1543 4746 1678 4801 hdhihitis
1696 4746 1778 4801 etiam
1801 4749 1882 4802 testi-

243 4854 320 4895 sccra
344 4838 481 4893 dilataret.
1086 4835 1188 4893 moniis
1201 4834 1508 4905 Scripturarrrmquibos
1522 4835 1572 4892 boc
1592 4836 1738 4906 disputatio
1745 4836 1880 4904 dehnivit,

279 4929 334 4985 ios
359 4937 460 4993 antem,
486 4928 651 4985 serenissimi
676 4930 702 4984 in
726 4929 855 4994 Christo,
877 4940 906 4986 et
929 4945 1040 4987 venera·
1090 4935 1120 4982 ut
1130 4942 1191 4983 coru
1206 4926 1418 4996 propinquorum
1431 4928 1620 4998 generationes
1634 4927 1734 4984 luerint
1746 4938 1880 5000 suppota-

242 5016 311 5074 biles
325 5015 388 5080 riri,
408 5014 534 5071 videlicet
550 5018 597 5087 qui
614 5033 658 5072 me
680 5018 731 5078 hoc
752 5034 820 5089 opus
844 5021 952 5091 aggredi
969 5037 1038 5089 prae·
1089 5026 1136 5082 tae,
1148 5030 1200 5071 ona
1224 5029 1330 5085 semper
1342 5029 1455 5085 persona
1475 5017 1628 5088 reperiatur
1640 5020 1781 5073 excedere.
1795 5015 1881 5074 llerbi

242 5107 363 5179 cepistis,
388 5115 468 5163 matre
489 5109 674 5176 perversitatis
697 5112 785 5165 errori
809 5125 871 5166 cunr
891 5111 965 5166 orani
990 5127 1038 5165 au·
1088 5104 1883 5177 grath:uniqniaqnesurrtgeneratiooet.⁸e1voees⁸²·

241 5201 369 5256 ctoritate
394 5198 534 5253 resistite:
554 5207 582 5254 et
603 5213 637 5254 ne
659 5214 688 5255 se
712 5214 883 5270 percorpus
909 5200 1038 5257 Ecclesia
1089 5197 1130 5254 rio
1144 5197 1259 5254 debeam
1274 5211 1335 5253 csse
1354 5210 1489 5266 persona.
1506 5196 1552 5253 Sic
1569 5207 1597 5254 et
1616 5197 1764 5253 incaeteris
1780 5210 1881 5252 aume-

241 5287 349 5345 lethalis
371 5288 444 5360 lepra
469 5287 611 5355 dillondat,
637 5286 752 5345 viriliter
776 5289 893 5346 obviate.
920 5291 1037 5348 castitas
1089 5302 1149 5343 rum
1164 5286 1296 5357 graduum
1311 5283 1455 5340 multitudo
1468 5296 1577 5356 superet
1594 5300 1782 5356 personarum.
1821 5330 1826 5337 .

241 5396 338 5451 nempe
359 5382 481 5453 quaedam
504 5382 628 5450 specialis
651 5391 692 5435 cst
720 5381 815 5445 viatus,
841 5396 901 5451 qna
922 5385 957 5438 ab
977 5383 1035 5453 ipso
1125 5376 1178 5432 Sed
1192 5391 1241 5445 per
1254 5389 1393 5430 accessum
1413 5375 1542 5445 temporis
1560 5376 1659 5446 legenti
1679 5371 1745 5429 mili
1764 5372 1879 5441 ahquid.

243 5472 333 5526 rnundi
355 5472 502 5543 primordio
522 5473 548 5545 ip
571 5473 617 5529 liei
642 5472 792 5545 cultoribus
813 5471 907 5542 viguit,
926 5482 952 5529 et
972 5489 1037 5544 pro·
1087 5481 1116 5526 et
1133 5471 1160 5524 io
1181 5467 1330 5538 scriptoris
1351 5468 1479 5532 occurrit,
1500 5469 1571 5538 quod
1590 5476 1696 5522 mutare
1711 5480 1790 5537 posse
1805 5465 1882 5521 hane

242 5573 498 5700 3433.1Cf¹¹¹'⁸4‘⁵⁰⁵
521 5581 626 5637 videtur
648 5596 744 5639 sensus
780 5579 859 5652 hujus
883 5581 956 5651 loci,
981 5581 1084 5639 cumin
1109 5587 1183 5636 textu
1206 5578 1361 5635 habeatur:
1384 5594 1443 5633 cunt
1477 5580 1531 5636 niro
1562 5578 1707 5650 irreligiose
1732 5586 1818 5633 tractu
1846 5579 1880 5635 tic

256 5660 391 5716 anctae,
418 5660 472 5701 cc.
