4017 6192
67 306 123 368 m
527 299 1358 368 omfflmmwmmmfflmffls
1682 278 1818 375 'm

67 431 214 493 formavit.
237 453 249 481 ι
279 428 353 487 Vere
379 428 470 499 enim,
497 426 575 488 sicut
598 443 650 503 per
676 427 782 487 Isaiam
807 426 1052 500 dicitur,Asuper
1072 443 1181 502 pennas
1196 437 1350 492 ventorum
1364 436 1451 503 (Pecl.
1466 439 1589 504 xlm.»
1616 434 1775 496 Enimvero
1790 444 1819 498 et

67 523 225 595 languores
251 525 362 577 nostros
384 517 446 592 ipse
470 514 545 588 tulit,
569 523 597 575 et
619 525 733 591 peccata
748 524 847 577 nostra
863 517 926 591 ipse
967 514 1051 574 nohis
1063 532 1115 591 pro
1130 518 1247 578 modulo
1261 528 1357 579 nostro
1371 537 1475 594 peones
1488 529 1557 582 sunt
1570 522 1677 594 insitas,
1696 526 1818 586 virtutes

66 605 203 686 portavit.
230 605 266 664 Et
290 620 343 663 nos
367 603 535 678 putavimus
561 619 629 663 eum
657 605 740 678 quasi
768 604 925 678 leprosum,
966 602 1073 663 scilicet
1088 606 1261 679 spirituales,
1276 607 1420 682 quibussi
1436 610 1557 670 viriliter
1576 611 1747 685 admoneo
1762 631 1820 673 coe·

67 706 290 773 etperoussum
315 709 332 752 a
358 694 418 751 Deo
445 692 703 761 esbonitarum,
737 693 800 767 ipse
826 699 926 752 antem
966 692 1049 767 lestia
1074 696 1279 767 sublevamur;
1303 698 1349 756 sin
1376 706 1473 759 autem
1500 717 1537 760 es
1562 702 1680 763 desidiae
1706 711 1818 780 torpore

68 789 242 846 volneratus
265 789 307 841 est
331 790 447 856 propter
470 782 637 856 iniquitates
662 789 784 852 nostras,
811 784 926 842 attritus
967 780 1148 855 deponimus,
1164 800 1279 844 necesse
1292 792 1378 847 estut
1393 787 1425 846 in
1439 789 1662 863 subripientium
1676 793 1816 853 vitiorum

69 884 115 938 est
137 882 252 949 propter
273 872 380 931 scelera
405 879 510 931 nostra.
537 870 697 946 Disciplina
721 877 800 948 pacis
821 882 928 933 nostras
967 872 1110 944 protunda
1122 889 1297 949 mergamur.

70 982 162 1041 super
180 980 259 1036 cum,
274 970 302 1022 et
323 963 413 1022 livore
427 964 490 1037 ejus
504 963 597 1022 sanati
612 980 715 1024 sumus
742 967 807 1034 (lca.
822 970 894 1034 arn).
913 988 925 1016 ι

72 1054 287 1126 AEgritudinem
313 1069 381 1112 vero
410 1069 462 1128 per
484 1068 578 1111 aerem
607 1052 756 1113 volitando
781 1053 926 1128 dispersit,
1287 1043 1409 1105 CAPUT
1423 1047 1488 1109 XII.

72 1144 144 1219 qnia
173 1148 326 1217 potestates
343 1158 440 1200 aereas
462 1142 524 1201 suis
548 1141 661 1201 viribus
688 1141 854 1201 debellavit.
881 1140 927 1199 nd
1236 1154 1275 1207 pe
1288 1168 1367 1209 sam
1384 1157 1442 1210 save
1455 1171 1545 1215 ema,

70 1233 206 1293 ardorem
236 1231 306 1291 solis
330 1230 522 1300 absconditae
549 1230 610 1289 vim
635 1229 783 1305 languoris
804 1230 925 1299 exussit,

71 1325 214 1399 quoniam
238 1322 274 1380 ad
297 1320 411 1380 Patrem
432 1320 556 1392 rediens,
577 1320 629 1394 qui
658 1329 701 1380 est
727 1320 769 1380 sol
791 1320 926 1395 justitie,

71 1418 255 1484 mortemque
288 1406 460 1482 deglutiens,
487 1407 618 1466 aseendit
644 1407 676 1466 in
702 1408 806 1479 altum,
834 1407 925 1482 capti·

71 1514 142 1559 vam
173 1498 260 1557 duxit
295 1496 498 1571 captivitatem,
535 1495 615 1555 dedit
645 1497 723 1557 dona
758 1497 929 1557 hominibus

74 1592 161 1659 (Psal.
175 1600 275 1662 extit,
290 1590 390 1661 pres.
403 1592 457 1657 tv).

1003 1270 1100 1347 Hujus
1119 1271 1161 1332 rei
1180 1280 1281 1349 typum
1300 1282 1378 1336 tenet
1396 1293 1474 1337 sarra
1496 1279 1606 1355 berrat,
1629 1282 1743 1341 marina
1762 1283 1819 1342 soi·

967 1358 1034 1419 licet
1055 1361 1153 1421 bellua
1167 1379 1243 1437 quas,
1260 1380 1327 1424 cam
1348 1369 1476 1441 prolixas
1489 1370 1594 1430 babeat
1609 1387 1730 1447 pennas,
1749 1389 1821 1434 mox

969 1457 1001 1509 ut
1017 1451 1120 1512 viderit
1134 1470 1238 1513 navem
1254 1457 1454 1525 velificantem.
1472 1460 1584 1522 alarum
1604 1471 1631 1521 et
1653 1464 1717 1538 ipsa
1741 1481 1820 1539 prae·

969 1541 1063 1601 cincta
1075 1543 1214 1617 remigiis,
1230 1548 1378 1606 contendit
1392 1548 1538 1608 velificare
1551 1558 1615 1624 post
1630 1568 1746 1613 navem.
1764 1554 1820 1616 Sed

969 1631 1021 1689 vix
1040 1647 1092 1706 per
1111 1633 1302 1708 quadraginta
1322 1637 1413 1695 stadia
1433 1638 1464 1696 in
1486 1638 1575 1714 hujus
1591 1643 1759 1703 certaminis
1778 1644 1822 1703 la·

402 1726 523 1787 CAPUT
552 1728 603 1787 xp,
969 1717 1038 1777 bore
1061 1719 1217 1792 persistens
1236 1720 1342 1794 delicit,
1363 1729 1392 1782 et
1405 1724 1447 1783 sic
1462 1725 1584 1800 defessa,
1597 1729 1658 1791 alas
1672 1729 1748 1789 inter
1761 1730 1823 1791 dis·

409 1838 450 1892 De
464 1838 597 1908 pmice·
938 1775 1093 1865 Berimina
1128 1809 1242 1867 marina
1278 1809 1406 1884 deponit.
1444 1812 1548 1873 Fluctu
1577 1815 1675 1891 itaque
1699 1825 1821 1880 voranto

970 1894 1155 1969 compellitor
1179 1902 1212 1954 ut
1233 1897 1269 1956 ad
1294 1898 1391 1958 locum
1414 1902 1493 1960 unde
1519 1904 1661 1979 remigare
1688 1914 1824 1983 coeperat,

971 1986 1077 2045 iterum
1089 1985 1242 2046 relabatur.
1258 1988 1347 2048 Navis
1359 1990 1454 2063 plane,
1468 2009 1535 2069 quae
1547 1994 1681 2067 velificat,
1695 2004 1824 2057 sanctam

972 2076 1141 2149 Ecclesiam,
1165 2078 1211 2136 vel
1235 2094 1473 2157 unamquamque
1494 2082 1610 2143 fidelem
1632 2085 1761 2143 animam
1785 2085 1825 2144 si·

973 2171 1052 2239 gnat.
1070 2164 1142 2235 Quae
1159 2167 1300 2227 nimirum
1318 2169 1399 2244 ligno
1421 2172 1516 2232 crucis
1530 2179 1638 2245 evecta,
1659 2178 1826 2246 spumantes

973 2253 1121 2327 fluctivagi
1146 2255 1250 2315 mundi
1272 2258 1412 2331 procellas
1435 2262 1533 2332 evitat,
1560 2264 1761 2336 virtutumque
1782 2277 1827 2320 re·

973 2344 1064 2417 migio
1076 2344 1113 2403 ad
1127 2352 1240 2418 portum
1255 2356 1401 2422 perpetuas
1415 2351 1523 2424 quietis
1535 2352 1662 2411 anhelat.
1680 2352 1736 2413 Sed
1749 2360 1827 2412 banc

973 2448 1052 2492 sarra
1066 2433 1137 2493 dum
1159 2435 1352 2511 persequitur,
1374 2438 1484 2510 delicit;
1509 2439 1578 2516 quia
1598 2440 1695 2500 mollis
1716 2448 1744 2500 et
1765 2441 1826 2501 dis·

974 2522 1068 2582 soluta
1081 2523 1220 2597 quaelibet
1233 2525 1332 2584 anima
1346 2526 1456 2586 fervide
1468 2527 1587 2601 quidem
1600 2529 1713 2602 incipit,
1729 2528 1779 2587 sed
1793 2527 1825 2586 in

973 2613 1072 2673 labore
1092 2614 1250 2673 lassescens
1272 2614 1308 2673 ad
1330 2616 1514 2689 perlectionis
1528 2618 1620 2689 littus,
1636 2617 1714 2693 quod
1728 2616 1828 2676 subire

81 2744 264 2818 Heliopoleos
282 2746 458 2821 quibusdam
476 2744 720 2819 significationum
739 2745 856 2805 indiciis
882 2746 935 2804 de-
974 2702 1847 2870 {fforflezerzatffnhggztgffiissnttgffieffiiffl’nffi⁶¹1¹)ss·

977 2881 1121 2941 desiderio
1135 2884 1280 2957 provocati
1297 2888 1361 2958 post
1382 2898 1431 2942 eos
1444 2884 1500 2942 iter
1514 2885 1669 2959 arripiunt.
1688 2884 1742 2945 Sed
1751 2845 1830 2942 'dum

979 2972 1024 3030 vel
1039 2972 1125 3030 nimii
1140 2971 1256 3042 laboris,
1273 2972 1318 3030 vel
1331 2971 1544 3032 inundantibus
1556 2973 1712 3049 cujuslibet
1727 2974 1830 3032 adver·

114 1943 172 2006 Sed
199 1951 227 2004 et
247 1944 380 2021 pboenir,
404 1943 521 2004 volatile
542 1944 662 2016 scilicet,
686 1945 765 2021 quod
782 1946 813 2004 ia
837 1944 931 2004 lndiae

75 2034 122 2094 vel
139 2034 255 2093 Arabiae
268 2034 396 2108 partibus
412 2033 531 2105 habitat,
554 2035 690 2093 eumdem
709 2034 930 2109 Redemptorem

77 2127 211 2181 nostrum
249 2128 340 2181 morte
372 2121 460 2180 simul
493 2137 527 2180 ac
554 2120 763 2180 resurrectione
788 2119 930 2196 designat.

77 2209 146 2286 Ipse
165 2214 245 2272 enim
260 2213 348 2272 dicit:
371 2234 382 2263 ι
402 2211 571 2270 potestatem
599 2211 690 2270 babeo
716 2211 843 2286 ponendi
867 2212 932 2270 ani-

77 2319 160 2363 mam
181 2319 287 2376 meam,
310 2308 338 2362 et
360 2309 526 2377 potestatem
549 2302 642 2362 habeo
667 2302 773 2362 iterum
798 2303 932 2361 sumendi

78 2407 146 2452 eam
162 2395 252 2460 (Jooa.
268 2397 312 2462 x).
332 2417 346 2441 »
367 2391 437 2450 Haec
457 2391 547 2464 igitur
563 2391 627 2449 avis
645 2406 714 2450 mox
734 2396 767 2449 ut
787 2391 932 2465 quingen·

78 2486 124 2540 tos
140 2481 209 2539 vitae
225 2497 288 2541 suae
303 2495 395 2541 annos
416 2479 592 2555 impleverit,
610 2480 688 2555 ligna
703 2480 807 2538 Libani
825 2480 933 2539 montis

76 2569 252 2643 ingreditur,
274 2575 302 2628 et
324 2584 374 2643 per
393 2569 454 2628 alas
471 2576 609 2644 utrasque
627 2569 749 2627 diversis
770 2576 933 2627 aromatum

79 2655 221 2717 odoribus
253 2664 399 2716 oneratur.
429 2656 492 2716 Hoc
522 2657 620 2732 itaque
645 2657 777 2716 sacerdos
809 2658 934 2717 civitatis

79 2836 248 2912 prehendit,
271 2844 300 2895 et
319 2853 387 2897 mox
410 2835 583 2896 coacervatis
604 2836 758 2895 sarmentis
781 2845 867 2911 atque
889 2853 936 2895 ra·

81 2925 227 2985 musculis
250 2926 411 3001 congeriem
442 2927 541 2997 struit;
571 2941 775 3001 superquam
803 2927 938 2986 videlicet

81 3290 189 3343 exusta
202 3284 320 3358 reperit:
336 3300 463 3358 quorum
480 3284 593 3344 cineres
611 3284 725 3344 curiose
743 3291 925 3359 perscrutans

82 3374 199 3434 invenit
223 3374 417 3434 vermiculum
444 3374 528 3434 valde
553 3382 733 3449 pertenuem,
758 3374 807 3434 sed
834 3376 924 3434 exim·

83 3464 183 3524 odoris
205 3464 347 3523 suavitate
368 3464 555 3538 flagrantem:
583 3464 712 3524 secundo
737 3464 784 3523 die
810 3463 937 3537 rediens,

83 3552 193 3626 reperit
210 3569 277 3612 eum
296 3553 443 3613 aviculam
461 3569 513 3628 per
529 3553 645 3629 plumas
662 3559 690 3612 et
707 3552 821 3613 alarum
849 3554 938 3613 remi·

84 3645 134 3719 gia
161 3644 351 3718 figurantem:
380 3646 463 3703 tertio
490 3644 609 3704 demum
629 3644 676 3704 die
696 3643 827 3703 sacerdos
851 3644 939 3703 adve-
980 3691 999 3751 h
1171 3690 1207 3720 ,.
1532 3690 1537 3701 .
1625 3691 1630 3702 .
1773 3688 1779 3700 .

88 3732 185 3802 niens,
211 3730 289 3790 videt
302 3731 457 3806 perlectam
478 3738 507 3790 et
526 3730 632 3806 integri
644 3738 736 3792 status
749 3739 841 3792 astare
856 3732 940 3807 phoe-
995 3697 1051 3792 ,ΘΜ
1065 3692 1277 3792 mmmm.
1288 3705 1466 3792 mimum&
1482 3706 1515 3750 ³⁰
1529 3698 1606 3750 mter
1621 3705 1685 3793 Hm
1711 3704 1835 3791 saevien‘

982 3789 1019 3840 trs
1042 3780 1175 3856 procellas
1192 3781 1361 3841 discumrna
1379 3782 1552 3841 fluctuantes
1570 3782 1667 3841 valido
1695 3781 1837 3856 praedrca-

87 3837 194 3921 ”mih
233 3821 363 3969 zhoenss.
389 3828 491 3943 ,ΜΨ
512 3822 591 3972 133⁸
625 3822 744 3881 refertas
775 3828 938 3970 amdmam?
983 3871 1095 3928 donum
1111 3869 1229 3928 brachio
1249 3870 1394 3939 roborare,
1418 3879 1450 3928 ut
1473 3885 1521 3928 eos
1547 3869 1712 3943 naufragari
1735 3868 1836 3945 pelago

87 3918 230 3970 mamam
255 3918 396 4011 -eposmt’
422 3927 491 3986 qma
532 4001 539 4014 .
576 3917 688 3985 ⁰⁰¹me
703 3916 801 3970 mer
819 3927 941 4013 Ῥω
982 3961 1116 4020 sorbente
1140 3961 1319 4032 prohibeant,
1335 3960 1419 4019 dum
1444 3960 1481 4018 ad
1503 3959 1726 4036 perseverantias
1748 3958 1837 4017 robur

89 4016 159 4061 mm
186 4016 303 4101 ΨΜ.)
327 4002 364 4059 ²d
392 4017 445 4062 ¹¹⁰⁸
481 4008 635 4102 ”mum
664 4007 826 4061 ‘emmena
855 4001 942 4061 ⁰d⁰re
983 4052 1155 4110 inconcussa
1166 4049 1336 4110 constantiae
1348 4048 1445 4109 radice
1455 4048 1629 4107 confirmant

89 4090 391 4161 descenditdroens:
415 4090 716 4166 ·Nonven1legem
741 4092 861 4162 solvere,
892 4092 943 4152 sed
1632 4093 1638 4105 '

89 4182 215 4256 implere
228 4186 339 4255 (Moab.
353 4185 394 4256 v).
410 4183 522 4252 Omnis,
544 4183 651 4259 inquit,
673 4182 774 4242 Scriba
796 4183 897 4242 doctus
910 4183 943 4242 in
1298 4213 1422 4275 CAPUT
1445 4213 1514 4274 xm

89 4271 942 4348 memwmmmm
1334 4258 1524 4381 ms

90 4362 145 4438 qui
164 4360 272 4434 ploiart
293 4360 330 4421 de
352 4363 487 4421 thesauro
505 4376 559 4420 suo
578 4375 655 4421 nova
669 4365 698 4419 et
714 4367 812 4420 vetera
831 4362 943 4430 (Moab.
1384 4342 1412 4381 ³⁶
1430 4342 1487 4384 ’Μ’

90 4461 170 4524 xm).
190 4481 202 4504 ·
223 4454 276 4525 Qui
303 4455 443 4515 nimirum
459 4455 541 4528 prius
562 4453 704 4528 reperitur
722 4468 785 4513 esse
799 4453 976 4541 vermicu-D
1023 4451 1105 4523 Quod
1128 4450 1252 4511 echinus
1270 4449 1369 4521 otiam,
1393 4449 1491 4509 brevis
1515 4446 1650 4511 uosmet
1672 4449 1839 4525 pisciculus,

89 4543 140 4604 lus
150 4562 164 4615 3
176 4541 228 4601 ille
247 4543 373 4617 prolecto
392 4545 442 4618 qui
457 4542 545 4602 dicit:
569 4564 579 4593 ι
599 4541 660 4615 Ego
678 4548 776 4602 autem
798 4557 865 4600 sum
880 4557 946 4600 ver·
986 4545 1094 4611 innuit,
1112 4540 1163 4615 qui
1176 4556 1266 4600 naves
1277 4539 1412 4613 ingentes
1425 4539 1520 4613 plenis
1533 4546 1683 4600 currentes
1695 4542 1769 4601 velis
1782 4543 1839 4601 im·

90 4631 562 4703 ffli⁸‚elss⁰11h⁰m⁰lP⁸ssl·1X1)·
585 4652 596 4679 ²
621 4628 685 4701 Ille,
703 4630 834 4702 induam,
858 4643 948 4703 <tuem
986 4632 1135 4694 mobiliter
1155 4631 1240 4691 sistit.
1266 4629 1373 4688 Mirum
1398 4637 1474 4687 certe
1495 4630 1640 4704 quomodo
1665 4630 1752 4703 piscis
1779 4647 1843 4705 per-

92 4717 204 4777 vermis
240 4717 291 4775 ille
326 4717 467 4791 signabat,
508 4719 558 4791 qui
589 4716 750 4776 matutinus
786 4730 948 4788 exsurgens
988 4720 1114 4794 exiguus
1128 4733 1255 4792 corpore,
1272 4725 1330 4776 mm
1344 4731 1494 4794 enormem
1508 4717 1604 4775 carabi
1625 4717 1733 4776 molem
1747 4719 1843 4778 valeat

94 4808 232 4867 hederam
245 4824 332 4882 super
349 4814 437 4880 caput
453 4807 537 4866 Jonas
549 4807 673 4880 positam
687 4802 947 4879 dente‘percussit,
988 4809 1159 4869 inconcusse
1175 4820 1366 4878 compescere,
1394 4812 1427 4864 ut
1450 4812 1590 4879 tanquam
1613 4806 1672 4864 lixa
1697 4804 1843 4867 radicibus

92 4906 122 4956 et
150 4911 280 4955 arescere
304 4895 445 4969 compulit
465 4899 548 4968 (aaa
571 4898 623 4963 avt.
649 4893 831 4953 Praecedente
859 4892 947 4966 quip·
989 4896 1123 4956 videatur
1136 4894 1256 4953 haerere.
1272 4892 1401 4951 Echinus
1415 4907 1483 4965 ergo
1499 4892 1561 4966 tigit
1583 4892 1615 4952 in
1630 4892 1767 4954 fluctibus
1790 4910 1841 4953 na·

95 5002 130 5061 pe
146 4986 229 5046 velut
242 4985 385 5044 matutino
400 4986 470 5058 sole,
485 4983 668 5058 Evangelicae
680 4984 782 5057 gratiae
794 4982 947 5054 Dominus,
989 5002 1071 5056 vem;
1093 4990 1185 5044 rector
1203 4980 1339 5041 Ecclesia
1358 4996 1417 5041 non
1440 4980 1593 5042 confirmet
1613 4984 1727 5043 animas
1754 4988 1846 5042 tenta

95 5088 285 5148 synagogam,
309 5079 342 5132 ut
367 5089 468 5133 revera
493 5074 621 5132 sterilem
649 5071 786 5131 hederam
811 5071 950 5130 districtae
990 5077 1102 5135 tionum
1128 5071 1371 5135 inundationibus
1397 5071 1588 5132 fluctuantes?
1609 5070 1689 5131 Sicut
1708 5070 1762 5141 illi,
1790 5072 1842 5146 qui

95 5162 250 5221 sententias
277 5176 339 5221 suae
366 5161 452 5220 dente
486 5161 626 5235 precidit,
656 5176 691 5219 ao
728 5164 951 5217 marcescentem
990 5163 1104 5225 dudum
1133 5159 1263 5234 vestigiis
1293 5159 1324 5217 in
1357 5158 1459 5234 pelago
1490 5159 1691 5229 titubantibus,
1719 5167 1844 5233 asperat

95 5267 216 5327 prorsum
232 5261 259 5311 et
277 5253 389 5311 aridam
412 5253 546 5312 reddidit.
565 5251 675 5312 Deinde
696 5251 818 5325 pboenix
837 5249 951 5324 plume·
991 5252 1095 5326 mergn',
1122 5251 1171 5311 sed
1194 5251 1332 5326 ereptoris
1351 5251 1459 5308 meruit
1477 5250 1595 5308 dextera
1611 5250 1776 5321 sustentari,
1796 5249 1842 5310 di·

96 5340 174 5401 lacta
195 5348 223 5400 et
245 5341 274 5399 in
295 5357 392 5400 aerem
414 5343 527 5401 alarum
553 5340 683 5415 remigiis
711 5344 821 5399 adorata
845 5338 951 5397 sustol·
992 5349 1071 5404 ctum
1094 5348 1150 5401 est:
1182 5365 1193 5391 ·
1221 5340 1258 5399 Et
1280 5347 1312 5399 tu
1338 5339 1495 5413 aliquando
1520 5353 1677 5396 conversus
1702 5339 1843 5398 confirma

96 5429 190 5501 litur;
209 5432 278 5507 quia
301 5432 392 5491 victor
413 5433 514 5491 mortis
534 5432 676 5491 Dominus
693 5428 730 5490 ad
750 5430 843 5489 Patris
859 5444 953 5504 usque
994 5435 1096 5493 iratres
1113 5439 1178 5491 tuos
1194 5434 1266 5506 (hoe.
1287 5430 1372 5498 xxrtl.
1397 5453 1407 5479 ·
1433 5428 1508 5503 Ergo
1533 5427 1671 5501 praesules
1689 5425 1763 5484 814
1779 5429 1844 5489 ani·

928 3331 936 3387 ἶ
978 3338 1060 3407 ptum
1084 3338 1145 3391 est:
1164 3354 1178 3383 «ι
1194 3331 1246 3393 Vae
1267 3333 1313 3391 bis
1337 3334 1390 3408 qui
1415 3333 1602 3407 perdiderunt
1628 3334 1831 3393 sustinentiam

979 3425 1072 3498 (tiocli.
1100 3424 1140 3496 ιι).
1167 3449 1176 3474 ι
1204 3423 1240 3481 Et
1268 3422 1314 3482 vir
1340 3423 1473 3498 sapiens:
1498 3424 1578 3483 «Est
1604 3424 1715 3484 amicus
1738 3423 1834 3482 socius

979 3527 1100 3584 menses,
1117 3516 1146 3570 et
1160 3527 1218 3570 non
1235 3518 1386 3586 permanet
1405 3512 1438 3571 in
1461 3512 1509 3571 die
1534 3511 1713 3573 necessitatis
1738 3512 1831 3576 thecle.

981 3607 1031 3672 vr).
1052 3624 1063 3652 ι
1081 3598 1138 3659 Sed
1152 3599 1259 3660 talibus
1278 3608 1403 3660 rectores
1420 3601 1617 3661 Ecclesiarum
1638 3601 1766 3676 impigra
1781 3598 1833 3657 de·

97 5516 175 5576 813
195 5536 363 5582 consessum
384 5523 632 5597 conjubilantibus
660 5522 791 5596 undique
819 5522 954 5598 supernis
994 5537 1110 5582 marum
1122 5522 1240 5581 solerter
1253 5520 1418 5593 invigilent,
1432 5534 1469 5576 ne
1483 5534 1556 5591 quos
1568 5519 1603 5577 de
1617 5518 1732 5579 casibus
1744 5519 1846 5581 saeculi

96 5608 259 5670 virtutibus
271 5611 412 5672 elevatur.
430 5614 470 5672 De
484 5627 544 5688 quo
558 5628 609 5686 per
629 5610 813 5672 Psalmistam
826 5612 951 5672 dicitur:
994 5611 1083 5672 semel
1098 5611 1237 5686 eripiunt,
1252 5623 1356 5668 rursus
1369 5623 1418 5667 eos
1433 5614 1529 5682 raptor
1541 5607 1669 5675 invadat.
1685 5626 1789 5670 rursus
1806 5610 1841 5669 ad

98 5724 116 5747 ι
132 5696 190 5769 Oui
203 5701 333 5761 aseendit
347 5717 437 5778 super
456 5704 619 5775 cherubim,
642 5710 672 5762 et
691 5702 819 5763 volavit:
844 5701 956 5762 volavit
994 5701 1139 5763 vomitum
1163 5699 1257 5761 redire
1280 5697 1441 5771 compellat.
