4017 6192
839 229 988 285 tutttttut
1008 230 1052 286 ET
1079 231 1220 290 rubeus,

380 339 443 395 liirn
456 341 540 412 pestis
551 342 712 398 excluditur.
1007 352 1032 411 Α

413 430 520 498 Cordis,
531 433 639 503 orisque
649 432 776 504 precibus

383 521 432 588 Te,
442 531 546 594 martyr
555 522 637 591 ulrue,
648 524 774 594 petimus,

381 612 435 670 lius
451 623 495 670 tua
509 630 559 685 per
572 616 686 686 uestigia

379 706 717 780 Adritstducsspraemis.

413 794 455 852 Sit
465 796 540 853 Patri
554 797 613 855 isus
624 800 755 871 ingenito,

380 885 422 941 Sit
436 887 520 942 decus
532 887 689 969 limigenito,

378 976 421 1033 Sit
432 978 573 1048 utriusque
584 979 665 1049 parili

378 1065 864 1138 tlujestasmmmaFluminenses.

302 1156 417 1215 cllttltl.
432 1158 472 1215 De
485 1159 515 1215 S.
529 1156 655 1231 Grenoriu
669 1179 747 1233 pnpn.
765 1161 897 1234 llytnnttt.

413 1250 561 1323 Anglurum
569 1253 624 1324 jam
635 1252 785 1325 spostolus,

380 1342 736 1416 Nuneunnelurumsneius,

381 1432 418 1490 Ut
429 1442 502 1499 tunc,
514 1433 639 1507 Gregori.
650 1437 786 1508 gentibus,

377 1522 512 1582 Sueeurre
519 1524 576 1595 iarn
588 1526 772 1584 credentibus.

415 1614 456 1670 'lu
469 1616 765 1690 largstopumcupiss,
883 1687 885 1691 .

378 1709 774 1783 omnemquemundiglnrinnt
1008 1720 1033 1781 Β

350 1796 501 1873 'Speruis
511 1812 542 1857 ut
553 1804 630 1873 inops
641 1803 749 1873 induem

263 1920 267 1926 ·
376 1891 469 1952 lesum
481 1895 605 1965 sequaris
615 1896 776 1966 principem.

412 1986 525 2043 Videtur
535 2000 618 2058 egens
629 1986 786 2058 naufragus,
872 2001 876 2009 ’

378 2075 448 2132 Dum
458 2077 556 2148 stipem
566 2076 634 2148 petit
645 2077 768 2149 angelus,

379 2167 418 2223 Tu
430 2167 591 2237 munusjsm
602 2178 663 2239 post
672 2170 811 2240 geminum

375 2257 484 2314 Praebes
493 2268 521 2314 et
530 2273 579 2314 rus
589 2270 759 2330 argenteum.

413 2348 453 2403 Ex
464 2350 516 2405 bne
525 2356 553 2404 te
562 2348 687 2405 cbristus
698 2359 819 2421 tempore

376 2441 439 2497 Sum
451 2441 560 2513 praelert
571 2441 712 2510 Ecclesiae,

376 2532 424 2590 sie
433 2532 507 2590 Petri
517 2534 630 2607 gradum
642 2535 771 2608 percipis.

373 2624 457 2696 Cuius
468 2635 496 2683 et
506 2641 630 2683 normam
641 2629 775 2700 muueris.

412 2715 435 2774 0
447 2716 566 2790 pontifex
579 2719 698 2791 egregie,

374 2805 432 2863 Lux
445 2817 473 2864 et
486 2807 569 2865 decus
581 2808 720 2876 Ecclesiae,

373 2894 432 2952 llon
445 2896 521 2954 sines
534 2898 562 2954 in
574 2899 712 2970 perieulis,

376 2987 780 3057 Questutrnnndntisiustruis.
816 3008 822 3019 “

415 3082 492 3139 llells
505 3099 554 3139 eur
565 3084 739 3142 obdulcantia
811 3130 820 3161 ,
1003 3069 1027 3134 C

378 3171 435 3229 'lun
450 3175 679 3245 distillentlsbis‚
730 3198 735 3204 ·

374 3265 550 3339 Flsgmntum
561 3269 616 3325 tim
628 3278 781 3327 nremstum

378 3358 465 3414 Tuum
477 3358 561 3415 tinuit
572 3360 720 3432 eloquium.

412 3449 560 3520 seriptum
573 3465 659 3508 suern
670 3453 783 3525 mystica

373 3539 444 3595 ilire
456 3540 540 3597 solvis
552 3541 709 3613 aenigmata,

378 3631 511 3687 Theorica
527 3633 655 3703 mysteria

377 3720 417 3779 'le
430 3723 509 3779 docet
522 3723 578 3795 ipsu
593 3724 710 3780 Veritus.

411 3813 452 3869 'lu
466 3824 563 3873 nactus
575 3814 752 3887 apostolieum

377 3906 481 3973 licem,
497 3906 577 3963 simul
590 3916 618 3964 et
629 3909 754 3980 glorium,

379 3995 435 4053 Nus
446 3996 520 4053 sulse
532 3998 617 4067 eulpae
630 3998 757 4066 nexibus,

286 4078 294 4089 '
379 4087 473 4145 Redde
485 4087 608 4160 pulumnt
620 4090 740 4145 sedibus.

413 4175 455 4234 Sit
468 4178 542 4234 Petri
557 4178 615 4234 taus
630 4179 761 4250 ingenito,

378 4268 420 4326 stt
434 4270 518 4325 decus
533 4268 690 4342 Unigenito,

377 4357 420 4415 Sit
432 4359 574 4431 utriusque
587 4359 667 4431 parili

375 4445 864 4518 llajesrassutnmaltaminl.tmen.
942 4497 947 4506 .

274 4562 391 4621 cxtttt.
409 4564 449 4631 Ile
463 4564 493 4622 S.
508 4564 650 4623 benedicto
665 4569 769 4623 abiete.
786 4565 919 4639 Hymnus,

508 4636 544 4689 nd
557 4653 685 4708 resperas.

269 4724 384 4781 Getnma
400 4724 518 4781 coelestls
533 4726 652 4795 pretiosa
671 4726 762 4798 Regis,

235 4814 334 4870 llorms
346 4814 494 4883 justorum,
509 4815 553 4870 tin
569 4817 774 4880 monachornm,

234 4904 290 4964 Nus
303 4906 338 4962 ub
356 4904 499 4970 immundi,
515 4904 671 4970 Benediete,
689 4906 783 4962 mundi

394 4994 529 5052 Subtrahe
543 5009 634 5053 eoeno.

235 5087 276 5144 'lu
292 5087 380 5144 sulum
398 5100 540 5157 spernens,
558 5101 606 5142 eor
622 5086 649 5142 in
667 5095 741 5143 astru
759 5087 845 5160 ligent

236 5176 319 5247 Cogis
330 5175 451 5232 buredes
468 5174 527 5232 lieri
543 5184 680 5247 parentes,

233 5269 287 5343 {01
306 5268 360 5327 ius
378 5269 437 5328 Deo
451 5269 562 5341 plenum
581 5284 710 5341 reputare
724 5269 842 5326 lrtetnm

453 5360 645 5419 Promeruisti.

237 5453 349 5524 lingunt
363 5452 389 5509 in
407 5454 499 5524 putris
513 5453 628 5511 eremite
642 5453 784 5519 membris,

237 5545 330 5602 Vincis
344 5553 472 5614 estatem,
490 5561 601 5618 superas
617 5545 749 5611 laborem,

238 5637 318 5692 breta
334 5635 463 5695 districte
482 5636 635 5693 rudimenta
650 5634 712 5691 titae

1009 4410 1035 4472 ll

1199 346 1331 403 lierridus
1346 347 1451 418 imples.

1081 435 1177 506 Strage
1195 450 1323 490 surorum
1340 450 1453 507 puerum
1468 437 1615 507 sepultum,

1081 523 1142 579 llos
1155 535 1185 580 ut
1200 525 1297 592 orasti,
1313 540 1394 596 prece
1416 527 1565 590 suscitasti.

1082 616 1184 674 Sensus
1197 618 1261 673 bine
1275 619 1364 684 carni,
1383 634 1448 675 etro
1461 620 1571 676 sanitati

1202 702 1338 759 Redditur
1353 718 1442 773 nque.

1080 794 1144 851 lure
1157 794 1208 850 sub
1220 795 1326 852 blande
1341 796 1431 868 speeie
1449 796 1583 855 columbe

1081 885 1206 942 Neseiam
1221 885 1292 942 lellis
1307 887 1425 942 unimam
1439 888 1543 944 suroris

1081 977 1192 1033 Summa
1203 977 1303 1033 stellati
1314 987 1455 1048 penetrare
1466 976 1530 1034 eoeli

1190 1065 1314 1123 eulmina
1329 1069 1431 1123 cernis.

1031 1207 1034 1213 .
1081 1156 1140 1226 lpse
1155 1166 1228 1227 pust,
1243 1157 1345 1213 clarum
1358 1157 1480 1214 relerens
1490 1156 1656 1229 triumphum

1081 1247 1158 1304 Celsa
1171 1249 1276 1306 devicto
1295 1249 1365 1321 petis
1377 1259 1450 1305 astru
1462 1249 1581 1316 mundum

1081 1339 1153 1396 Luce
1167 1339 1350 1396 flammantem
1368 1341 1491 1397 radiante
1504 1340 1601 1397 sebum

1221 1431 1306 1488 Pullis
1324 1439 1458 1488 sternunt.

1081 1522 1163 1590 lmus,
1180 1525 1364 1588 lmnorPutri,
1380 1525 1512 1596 parilique
1523 1522 1598 1581 Pruli

998 1604 1003 1611 ’
1084 1610 1142 1669 Una
1152 1614 1296 1683 majestas,
1309 1616 1403 1671 eadent
1418 1622 1551 1686 potestas,

1081 1704 1148 1763 Cum
1161 1707 1260 1779 quibus
1269 1717 1380 1763 sanetus
1391 1706 1474 1761 simul
1483 1706 1577 1776 implet
1588 1719 1699 1764 omnem

1211 1795 1330 1867 Spiritus
1344 1796 1449 1851 orbem.
1467 1795 1566 1852 Arnen.

1274 1886 1374 1945 illut.
1391 1887 1432 1941 lu
1449 1898 1617 1943 nocturnum.
1710 1950 1713 1957 ¹

1187 1978 1306 2052 Signiler
1319 1978 1510 2044 invictissime,

1154 2070 1300 2141 Sneraeque
1310 2070 1365 2125 dux
1377 2068 1492 2134 militiae,

1151 2161 1216 2229 lius,
1231 2158 1387 2227 Benediete,
1398 2160 1488 2216 valido

1152 2254 1267 2309 Preeum
1282 2252 1397 2309 deiende
1413 2251 1534 2308 braebiu.

1189 2344 1237 2401 llis
1247 2345 1333 2399 armis
1342 2343 1541 2400 exsecrabilem

1151 2436 1252 2492 Leonis
1267 2435 1347 2491 vinee
1358 2420 1481 2500 rabiem,

1154 2527 1258 2596 Quibus
1275 2524 1340 2581 olim
1360 2524 1530 2580 teterrimum

1153 2618 1237 2676 Pellis
1250 2617 1286 2674 ab
1304 2632 1352 2673 ore
1366 2614 1510 2672 merulam.

1188 2709 1289 2767 Urtieae
1303 2707 1406 2779 junetae
1419 2705 1557 2780 uepribus,

1155 2800 1259 2857 Vulnus
1271 2807 1369 2855 eurnnt
1383 2796 1553 2865 vulneribus,

1152 2893 1303 2950 Flammam
1319 2907 1397 2949 mens
1407 2891 1540 2948 diuinitus

1154 2989 1231 3064 lgnes
1243 2987 1394 3059 exstinguit
1406 2985 1526 3060 ignibus.

1192 3080 1307 3137 Crucem
1325 3080 1439 3135 mittens
1452 3086 1483 3133 ut
1494 3073 1621 3139 lunidttu.

1151 3170 1255 3229 Veneni
1271 3170 1375 3242 frangis
1385 3169 1513 3234 calicem,

1150 3264 1209 3318 b'on
1224 3261 1297 3316 valet
1307 3259 1404 3315 mortis
1415 3255 1555 3314 vasculum

1152 3351 1220 3407 litte
1234 3351 1306 3406 lerre
1317 3347 1498 3421 signaculum.

1186 3443 1293 3507 Frater,
1308 3456 1390 3511 quem
1410 3449 1474 3496 tune
1491 3434 1677 3510 nequissbttts

1155 3533 1255 3604 iugum
1272 3532 1398 3604 raptabat
1408 3530 1532 3602 spiritus,

1155 3624 1222 3680 uum
1234 3631 1281 3679 tua
1290 3623 1367 3695 virga
1380 3622 1507 3687 caeditur,

1155 3713 1304 3771 Stabilitnti
1318 3714 1451 3771 redditur.

1187 3807 1230 3863 Sit
1243 3806 1317 3863 Patri
1336 3807 1395 3863 ltus
1409 3807 1541 3879 ingenito,

1153 3902 1196 3958 Sit
1210 3902 1293 3957 decus
1304 3900 1460 3973 Unigenitu,

1154 3991 1197 4048 Sit
1209 3982 1350 4063 utriusque
1369 3991 1450 4062 parili

1154 4081 1281 4153 ilsjestss
1293 4097 1398 4138 summa
1411 4081 1537 4137 Flamini.
1551 4080 1649 4136 Arnen.

1295 4171 1410 4229 Cffll.
1425 4173 1466 4227 nt
1477 4171 1579 4227 laudes.

1188 4264 1293 4319 Aurora
1308 4265 1395 4335 surgit
1407 4277 1491 4319 aurea

1154 4350 1235 4407 Festa
1254 4361 1414 4408 restauruns
1429 4367 1534 4420 annua,

1155 4443 1223 4498 Cum
1238 4443 1403 4499 Benedictus
1423 4442 1538 4498 arduum

1156 4534 1225 4592 cult
1238 4535 1346 4591 scandit
1359 4535 1501 4607 palatium.

1190 4627 1297 4695 Quanta
1311 4629 1339 4682 ln
1354 4628 1467 4682 sunttnis
1482 4627 1592 4698 accipit,

1155 4715 1206 4783 Qui
1223 4715 1302 4771 sicin
1318 4715 1380 4770 imis
1394 4715 1502 4780 claruit,

1155 4808 1239 4879 Cujus
1254 4808 1357 4861 micant
1370 4807 1489 4876 prodigia

1158 4896 1211 4953 Per
1221 4894 1310 4966 ampla
1326 4894 1418 4950 mundi
1431 4894 1552 4950 elimata.

1188 4986 1253 5057 Eius
1265 4995 1408 5043 carentum
1429 4986 1518 5059 gratie
1549 5003 1554 5011 ’

1157 5080 1249 5138 Tellus
1259 5081 1346 5138 remit
1362 5081 1511 5145 raderent,

1154 5173 1264 5228 verutis
1275 5172 1345 5229 unda
1358 5172 1461 5244 liquida

1155 5264 1232 5322 Sicca
1246 5264 1341 5323 lambit
1357 5264 1482 5336 vestigia.

1190 5356 1285 5411 Totius
1298 5354 1372 5412 urbis
1386 5355 1517 5409 ambitum

1153 5447 1206 5503 Per
1215 5445 1286 5503 Sulis
1297 5445 1371 5501 ridet
1385 5442 1500 5508 radium,

1156 5540 1232 5596 blens
1244 5539 1272 5593 in
1287 5537 1406 5594 ductore
1419 5537 1506 5607 positu
1520 5552 1527 5598 ;

1155 5629 1282 5700 Subiecta
1295 5630 1382 5687 cernit
1396 5626 1496 5685 omniu.
