4017 6192
210 380 264 436 lib
422 375 450 431 S.
473 373 574 430 cestu
595 372 736 429 osuit-Nl
753 370 829 430 OPP.
849 371 967 430 tostus
986 371 1052 428 SEU
1073 372 1224 430 calisto.
1242 404 1277 415 -
1294 372 1478 431 ostisctttt
1497 375 1614 432 touls.
1788 380 1839 434 lib

210 506 280 559 qttos
291 490 347 561 jum
363 487 509 550 irritabitat,
529 503 578 557 per
590 488 750 558 ampliorem
773 486 887 558 gratiam
906 485 940 541 td
963 483 1002 540 al·
1016 488 1041 546 Δ
1055 500 1173 557 comque
1182 486 1277 542 eadem
1290 482 1379 542 anima
1392 485 1547 542 ottllateous
1559 489 1595 543 sit
1604 488 1721 553 discam,
1734 491 1840 548 tlit’ersa

211 581 409 659 tiorisfluoque
421 578 699 649 gradosincrentcnta
715 578 863 647 perducat;
879 574 998 644 alioquin
1052 584 1141 631 tamen
1162 573 1276 645 singulis
1296 575 1427 632 membris
1450 575 1566 647 injungit
1585 576 1841 637 ollicia.‘Sieetiant

154 732 163 744 g
211 671 346 743 agnontodo
366 671 427 738 ranis
439 669 466 723 in
480 668 626 724 subeundis
642 667 792 723 honoribus
805 667 911 724 noviter
924 666 999 722 illuto
1051 665 1169 739 Spiritus
1191 673 1303 723 sanctes
1316 664 1381 722 dom
1401 667 1535 723 uniuersis
1558 668 1585 723 iu
1607 667 1716 726 Christo
1738 673 1842 729 renatis

212 770 303 830 posset
325 761 459 830 accipere,
482 775 544 814 cum
568 768 597 813 et
621 759 672 827 ipsi
700 759 800 829 gradus
821 771 870 828 pet·
892 771 999 813 morosa
1050 756 1130 814 iidem
1142 757 1247 823 tribuit,
1263 757 1341 827 quasi
1354 757 1436 813 uitam
1448 758 1556 815 cunetis
1568 759 1696 817 Eculeus
1711 764 1843 819 merttbris

172 842 179 849 ’
212 862 361 920 temporum
386 850 527 905 interualla
548 849 710 920 regulariter
721 846 899 905 conferantur
916 847 997 917 (dist.
1051 846 1179 914 infundit,
1195 847 1265 904 sicot
1280 848 1372 904 divina
1398 848 1602 904 socedicitor:
1619 849 1841 908 ‹lustusautent

211 942 254 1006 ib,
279 958 306 997 c.
332 939 530 1012 Ordinationes)
543 959 550 994 ε
564 950 592 995 et
613 941 775 1010 baptismus,
801 940 846 996 cui
870 939 1000 1010 primitiae
1050 953 1127 1006 meus
1144 953 1178 994 ea
1198 936 1251 993 ilde
1269 938 1337 995 sirit
1350 937 1431 1009 (ileo.
1444 937 1483 1011 x).
1498 955 1509 992 t
1530 932 1599 994 Cum
1614 952 1680 1010 ergo
1698 940 1843 1021 nontaullos

211 1031 325 1100 spiritus
347 1029 529 1094 ascribuntur,
554 1028 633 1101 longe
657 1029 733 1099 prius
755 1036 899 1098 susceptus
916 1026 1001 1082 luisse
1051 1032 1086 1087 ad
1116 1031 1310 1091 ecclesiasticae
1337 1029 1479 1101 dignitatis
1509 1029 1665 1087 ministeria
1695 1031 1842 1103 provebit,

212 1121 355 1176 uideatur?
372 1119 440 1174 Nam
465 1128 493 1175 ct
514 1119 542 1174 io
563 1119 693 1188 apostolis
706 1118 802 1174 eadem
816 1134 871 1174 non
885 1118 1002 1190 ambigi·
1050 1122 1125 1179 velut
1146 1121 1310 1193 qrtibusdam
1337 1120 1525 1192 superioribus
1556 1121 1689 1178 membris
1713 1123 1842 1193 specialia

212 1224 258 1265 1111
278 1211 405 1266 diseretio
419 1198 508 1265 ’11115111
531 1213 650 1273 servata.
676 1209 802 1265 uidelicet
816 1219 847 1265 ut
867 1207 999 1280 Spiritum
1051 1214 1122 1270 dona
1134 1212 1269 1269 coneedit.
1280 1211 1416 1268 Praeterea
1427 1220 1518 1267 utrum
1531 1211 1613 1268 lucidi
1627 1212 1678 1268 sibi
1693 1212 1841 1280 siotoculi,

212 1311 348 1367 sanctum,
373 1316 453 1371 qoem
465 1299 522 1370 jam
538 1302 686 1368 habebant,
709 1317 805 1357 rursus
827 1301 999 1372 accipereata
1051 1320 1171 1362 camurae
1184 1305 1219 1378 [s.
1232 1304 1356 1378 sonores]
1370 1321 1463 1370 aures,
1478 1306 1537 1362 sire
1547 1306 1631 1362 etiam
1642 1321 1735 1369 nares.
1749 1308 1841 1364 anima

214 1403 242 1448 ct
257 1395 290 1448 dc
305 1393 393 1464 gratia
407 1394 440 1447 ad
451 1392 567 1463 gratiam
583 1393 640 1448 suis
653 1393 725 1448 aucti
738 1392 915 1464 provectibus
927 1392 1001 1463 aspi·
1051 1411 1104 1452 nott
1117 1393 1265 1462 discernit;
1279 1395 1328 1450 sed
1341 1394 1399 1450 sive
1410 1393 1535 1461 honesta,
1549 1395 1607 1452 site
1621 1394 1692 1451 iteda
1705 1396 1760 1452 siot
1772 1397 1841 1463 ltaec,

216 1492 319 1538 carent.
333 1480 415 1539 Salso
425 1484 506 1553 piane
516 1483 658 1553 mysterio,
671 1483 742 1552 qnod
755 1483 845 1538 diuina
858 1483 1002 1554 protirlen·
1051 1484 1153 1555 proprii
1167 1484 1237 1555 juris
1250 1482 1367 1540 obiciunt
1382 1483 1483 1556 cuique
1501 1483 1653 1552 distribuit;
1680 1496 1709 1541 ut
1723 1487 1841 1557 quodam

215 1575 250 1626 tia
265 1574 393 1643 primitus
411 1573 517 1629 occulte
536 1575 566 1628 in
584 1588 678 1629 eorum
698 1573 827 1631 cordibus
843 1572 1002 1645 intelligitur
1052 1574 1132 1629 modo
1154 1588 1208 1627 aton
1233 1573 1445 1644 magnipendere
1463 1571 1601 1641 videatur,
1620 1573 1771 1644 cuiusmodi
1784 1575 1842 1648 ipsa

213 1673 336 1733 operata,
357 1665 399 1719 ltis
421 1663 564 1720 anattiiesto
585 1679 700 1721 manere
723 1664 856 1736 Spiritum
876 1675 1001 1721 sanctum
1052 1663 1108 1718 sint
1126 1662 1260 1727 merrtbra,
1283 1662 1403 1718 sedloca
1418 1661 1520 1732 potins,
1535 1659 1842 1733 inquibossuntnatu·

215 1755 369 1824 suscepisse
380 1754 523 1823 leguntur:
538 1756 628 1826 primo
642 1756 747 1813 scilicet
761 1764 826 1811 tunc
839 1771 900 1811 cum
912 1755 1002 1811 bonti-
1053 1755 1148 1808 ralitcr
1169 1752 1328 1809 constituta.
1349 1751 1388 1808 lta
1413 1765 1522 1823 quoque
1544 1750 1662 1823 Spiritus
1680 1760 1792 1809 sanctos
1806 1754 1842 1808 ad

215 1860 267 1898 arus
290 1844 444 1914 lacrimavit,
467 1855 495 1902 ct
518 1847 606 1902 dixit:
623 1847 766 1918 «Accipite
787 1847 918 1919 Spiritum
940 1861 1003 1903 san·
1019 1822 1247 1902 Βοοιιῐιιιιιιιὶιιιιι
1267 1843 1417 1915 spiritualis
1439 1843 1534 1915 gratiae
1560 1854 1763 1901 sacramentum
1786 1860 1841 1901 noo

216 1941 288 1986 curm
303 1933 394 2003 (loca.
410 1937 473 2005 ιι),
487 1953 498 1987 ι
513 1934 633 1990 meando
646 1949 707 1991 cunr
722 1949 805 2006 super
816 1948 864 1992 eos
875 1936 903 1992 io
917 1934 1002 2007 ligura
1054 1942 1110 1990 tam
1128 1933 1190 1989 ritae
1203 1933 1343 1999 meritum,
1366 1947 1450 2004 quam
1472 1930 1584 2001 iniuncti
1604 1932 1705 2004 gradus
1725 1933 1845 1989 attendit

216 2021 369 2090 baianorum
391 2022 462 2093 iguis
480 2023 606 2092 apparuit
623 2022 694 2095 (Aet.
708 2023 752 2095 ιι).
768 2025 961 2082 verumtamen
975 2033 1004 2081 et
1053 2023 1172 2080 odicium
1185 2039 1193 2091 ;
1214 2030 1244 2077 ut
1256 2037 1310 2078 nott
1327 2035 1491 2093 magnopere
1506 2021 1540 2076 ad
1555 2029 1722 2079 momentum
1735 2023 1774 2078 rei
1788 2023 1841 2078 bu-

215 2118 284 2171 ente
300 2112 358 2167 baec
380 2121 435 2167 tam
456 2114 609 2184 perspicuae
627 2115 783 2172 donationis
799 2115 910 2182 indicia,
929 2116 1003 2172 inter
1051 2112 1098 2182 jus
1113 2113 1237 2179 attineat,
1250 2112 1323 2183 qood
1336 2110 1464 2168 Ecclesiae
1474 2111 1596 2166 membra
1607 2109 1842 2177 deformitersint‚
1937 2166 1944 2181 ,

216 2201 274 2271 ipsa
288 2201 415 2257 sidelicet
429 2204 580 2260 vocationis
595 2206 743 2275 primordia
767 2205 899 2262 diuinitus
920 2205 1003 2275 inspi-
1054 2204 1201 2260 ltonestere
1223 2201 1384 2273 composita,
1404 2200 1452 2257 sed
1464 2199 1492 2256 id
1506 2200 1596 2271 potios
1608 2200 1652 2255 ubi
1668 2199 1723 2256 siot
1734 2200 1841 2271 posita;

214 2292 271 2349 sati>
290 2292 374 2348 luisse
391 2304 549 2350 noscuntur.
570 2295 638 2350 llam
653 2297 788 2365 quomodo
806 2305 917 2368 possent
936 2313 1003 2353 cuu-
1053 2302 1081 2349 et
1098 2309 1114 2349 a
1129 2294 1208 2349 nobis
1224 2309 1277 2348 nou
1289 2302 1344 2349 tam
1360 2291 1458 2347 rnerita
1470 2290 1526 2347 sint
1539 2290 1745 2355 consideranda,
1758 2305 1841 2360 quam

214 2391 269 2447 eta,
291 2396 352 2452 quae
366 2383 544 2453 corporaliter
560 2384 745 2449 intuebantur.
761 2383 890 2455 abjicere,
905 2400 938 2441 ac
951 2385 1002 2441 solt
1053 2381 1122 2445 loca.
1138 2381 1288 2452 prasertim
1303 2394 1364 2436 cum
1375 2379 1521 2449 Apostolus
1533 2378 1606 2435 dicat
1618 2396 1626 2433 a
1640 2397 1650 2430 ι
1663 2377 1758 2433 Posuit
1769 2379 1841 2434 betta

214 2472 295 2526 unius
308 2473 383 2528 vocis
397 2474 511 2542 imperio
523 2475 556 2528 ad
570 2473 716 2543 bavisibilia
729 2474 867 2544 festinare,
884 2475 935 2532 nisi
945 2475 1002 2544 iant
1054 2472 1188 2536 inaniora,
1221 2470 1435 2540 unumquodque
1454 2483 1548 2525 eorum
1570 2467 1598 2524 io
1621 2480 1746 2538 corpote,
1770 2467 1843 2523 sicot

215 2558 391 2617 baterioribus
409 2575 504 2617 eorum
516 2561 603 2618 oculis
617 2563 704 2634 gratia
720 2562 839 2633 Spiritus
853 2564 941 2620 sancti
961 2563 1002 2617 in·
1055 2563 1139 2620 uoluit
1162 2563 1187 2634 (1
1201 2562 1261 2617 Cor.
1284 2562 1346 2633 sn).
1361 2578 1371 2613 t
1388 2558 1443 2617 Sed
1458 2574 1531 2631 sape
1546 2559 1690 2630 contingit,
1705 2568 1736 2614 ut
1754 2570 1842 2613 mem-

215 2649 352 2708 lnlsissetl
365 2651 442 2708 Unde
454 2662 483 2707 et
493 2650 593 2708 Paulus
606 2653 666 2709 ait:
683 2672 693 2705 ι
709 2651 760 2720 Qui
777 2650 908 2724 Spiritum
925 2652 1003 2709 Cbri·
1052 2655 1101 2710 bra
1119 2654 1187 2725 ipsa,
1199 2652 1297 2722 quibos
1316 2651 1422 2722 potiora
1436 2665 1565 2708 sensuum
1584 2657 1772 2723 prorogantur
1782 2647 1841 2704 oili·

218 2741 321 2797 slltton
342 2740 435 2807 babet,
456 2741 500 2796 bic
522 2756 575 2796 noo
590 2752 633 2798 est
645 2742 704 2814 ejus
719 2742 807 2814 (liam.
823 2742 882 2815 ιιιι)
895 2760 902 2796 :
917 2761 927 2796 t
944 2758 1004 2811 oran
1054 2743 1105 2810 cio,
1121 2740 1286 2798 deformitati
1307 2739 1481 2810 reperiantur
1500 2738 1629 2804 obnoxia,
1652 2753 1716 2794 cunt
1737 2746 1841 2794 caetera

217 2830 347 2887 nimirum
369 2832 517 2902 apostolica
541 2834 678 2889 sententia
701 2833 765 2889 licet
785 2832 900 2888 necdum
923 2834 1004 2890 luerit
1054 2832 1158 2888 scilicet
1179 2830 1325 2902 conspicua
1347 2829 1403 2884 sint
1428 2836 1571 2884 venustate
1591 2827 1702 2892 decors,
1721 2842 1782 2898 qoae
1798 2826 1841 2882 ni·

219 2920 334 2992 scripta,
343 2919 400 2988 iam
414 2929 504 2976 tamen
516 2930 577 2976 erat
590 2921 683 2993 procul
703 2921 787 2978 dubio
804 2936 881 2976 uera.
897 2919 1004 2992 Nequa-
1054 2922 1152 2977 mirum
1164 2920 1272 2977 illorum
1283 2918 1383 2976 oilleiis
1395 2918 1533 2976 commoni
1552 2917 1633 2974 simul
1647 2915 1766 2974 utilitate
1778 2932 1843 2988 par·

216 3024 298 3079 uuam
319 3022 384 3080 ergo
395 3020 423 3065 ιιι
438 3010 538 3067 Glaristi
552 3021 653 3077 essent,
673 3011 820 3069 Christise
832 3012 1003 3083 discipulatui
1054 3013 1178 3084 ticipant,
1200 3026 1261 3066 cunt
1281 3018 1373 3065 umen
1394 3008 1423 3064 in
1437 3024 1469 3065 se
1482 3007 1585 3065 nullum
1605 3023 1718 3080 prorsus
1733 3022 1841 3067 nevum

216 3098 408 3167 tradidissent,
430 3101 454 3158 si
479 3101 535 3170 lent
560 3099 679 3172 Spiritus
705 3099 766 3171 ejus
787 3102 921 3173 primitias
949 3117 1002 3158 non
1053 3118 1148 3160 eorum
1178 3101 1360 3158 deformitatis
1391 3092 1546 3157 admittant.
1575 3098 1652 3157 Unde
1677 3101 1747 3157 idern
1774 3101 1842 3157 dicit

216 3190 361 3247 baberent.
381 3190 478 3248 Bonus
491 3191 582 3263 itaque
593 3192 692 3249 utrina
704 3193 848 3266 largitatis,
863 3191 933 3264 quod
945 3191 1001 3264 lam
1014 3165 1039 3228 c
1052 3195 1197 3268 Apostolus
1220 3212 1227 3249 :
1257 3194 1349 3262 «Quae
1370 3193 1513 3250 iobooesta
1538 3180 1603 3249 sunt
1627 3202 1731 3260 nostra,
1754 3193 1842 3249 abun·

216 3278 343 3338 bdelibos
354 3282 413 3339 suis
423 3282 545 3347 dederat,
561 3284 658 3339 iterum
670 3293 752 3354 atqne
765 3284 861 3340 iterum
872 3285 958 3351 dedit,
973 3293 1003 3341 ut
1053 3287 1205 3343 dautiorctu
1222 3285 1392 3341 honestatem
1405 3284 1504 3341 babent
1519 3284 1625 3357 (latu).
1640 3284 1701 3341 tlta
1716 3284 1841 3357 prolecto

216 3368 314 3441 §rigida
338 3379 420 3442 atque
441 3373 546 3428 arentia
565 3374 647 3430 corda
661 3390 740 3430 suum
754 3390 853 3432 tonnus
866 3376 1002 3443 iterando,
1053 3375 1146 3432 clerici
1177 3374 1250 3447 qood
1272 3374 1428 3444 specialiter
1451 3374 1571 3441 babent,
1598 3385 1653 3429 noo
1677 3374 1764 3446 magis
1787 3373 1841 3430 sibi

217 3470 245 3514 st
267 3458 416 3518 feruentior
439 3465 638 3531 accenderent,
660 3475 688 3520 et
712 3464 868 3523 affluentius
889 3467 1003 3523 inundo·
1054 3481 1135 3536 quam
1149 3464 1210 3519 usui
1226 3463 1310 3519 totius
1321 3462 1449 3519 Ecclesia
1461 3462 1643 3519 commonitor
1657 3461 1842 3520 debent:sic·

218 3558 289 3605 rent.
307 3549 352 3607 Sic
365 3552 505 3619 nimirum,
524 3553 564 3609 sic
577 3553 697 3609 bumana
708 3564 817 3621 natura,
841 3569 902 3626 quae
921 3556 1003 3628 longe
1053 3555 1159 3629 quetit,
1177 3564 1207 3611 ot
1221 3555 1245 3612 si
1258 3556 1362 3628 indigni
1376 3555 1444 3623 sint,
1466 3562 1496 3610 ct
1514 3554 1693 3626 privilegium,
1705 3567 1843 3627 quoprae·

216 3639 305 3697 dierat
318 3644 406 3699 notite
422 3645 565 3701 uetustatis
577 3646 704 3715 squalore
722 3656 892 3716 consumpta,
906 3646 940 3701 ad
953 3647 1002 3704 sso-
1051 3646 1188 3714 feruntur,
1210 3646 1272 3702 aliis
1293 3645 1421 3713 debeant,
1441 3654 1470 3701 et
1491 3653 1584 3702 reatos
1603 3660 1658 3715 quo
1680 3654 1841 3716 premantur

217 3747 274 3788 reru
289 3749 365 3790 nonae
378 3735 440 3790 ritae
455 3736 553 3805 quibus
566 3746 626 3793 erat
648 3737 876 3794 incrementorum
889 3753 1001 3809 proces·
1048 3738 1181 3809 judicium
1201 3754 1254 3794 non
1277 3739 1404 3793 evadant.
1424 3736 1493 3792 Natu
1509 3736 1532 3793 si
1544 3751 1594 3806 pro
1607 3750 1638 3791 se
1652 3735 1840 3791 tantummodo

215 3824 291 3878 siluts
313 3823 496 3880 reformanda.
519 3825 548 3884 Si
569 3827 804 3897 ergosecundum
823 3843 864 3893 ea,
880 3842 940 3899 qnae
957 3842 1003 3884 su·
1052 3828 1234 3884 ministerium
1257 3826 1428 3883 sacerdotale
1452 3825 1635 3896 susciperent.
1662 3838 1717 3880 nott
1740 3824 1790 3879 abs
1810 3838 1841 3879 re

215 3917 308 3986 parius
328 3919 524 3988 comprehense
544 3929 620 3986 sunt,
645 3935 699 3975 noo
723 3920 805 3975 morlo
828 3920 853 3974 in
879 3918 1001 3976 inferiori
1053 3918 1176 3975 bomincs
1188 3918 1222 3973 de
1236 3917 1343 3973 illorum
1365 3918 1477 3973 meritis
1496 3917 1687 3986 disputarent;
1705 3917 1753 3971 sed
1773 3930 1840 3985 quo-

215 4008 336 4078 quolibet
351 4011 436 4080 gradu
449 4011 510 4081 quis
523 4012 664 4076 constitui,
685 4012 732 4067 scd
748 4027 781 4066 ne
794 4011 925 4081 baptizari
938 4011 1001 4081 qui·
1053 4012 1127 4066 niam
1150 4025 1199 4081 pro
1218 4010 1355 4065 communi
1377 4008 1500 4064 omniunt
1523 4008 1611 4064 salute
1633 4009 1721 4080 gratia
1734 4008 1780 4062 illa
1794 4007 1840 4062 tri·

216 4099 278 4155 deut
293 4102 352 4155 sitae
365 4099 467 4170 Spiritu
479 4112 574 4157 sancto
587 4103 689 4172 potuit;
703 4102 826 4171 quisquis
840 4101 874 4155 atl
885 4100 1001 4156 officium
1052 4101 1156 4165 buitur,
1176 4116 1229 4155 noo
1253 4099 1448 4155 attendendum
1474 4097 1600 4167 ortalibus
1618 4098 1709 4161 datur,
1728 4095 1776 4152 sed
1790 4109 1841 4164 pro

217 4189 386 4243 sacerdotale
407 4189 578 4258 protcltitur,
604 4205 655 4244 non
675 4191 783 4245 trotitor
796 4189 926 4261 Spiritum
939 4205 1003 4243 sart-
1053 4190 1151 4259 quibus
1173 4188 1264 4243 datur.
1290 4188 1378 4243 Porro
1400 4195 1491 4242 autem
1512 4185 1620 4241 Veritas
1642 4185 1733 4273 dicit:
1760 4183 1841 4254 uligo

215 4285 301 4342 earm,
317 4278 363 4332 sed
376 4276 435 4346 ejsts
448 4279 551 4348 utiqtte,
566 4292 646 4349 quem
657 4278 713 4348 jam
727 4278 819 4342 babet,
837 4279 949 4349 suscipit
961 4279 1002 4332 in·
1052 4296 1113 4336 sum
1132 4279 1204 4345 sitis,
1235 4294 1283 4335 ros
1305 4278 1428 4349 palmites
1451 4277 1541 4347 (loon.
1556 4275 1613 4348 tv).
1633 4296 1643 4328 r
1663 4277 1704 4332 Ex
1718 4277 1769 4332 bae
1785 4275 1841 4331 alte

215 4376 395 4423 crementum.
421 4368 498 4424 Sicut
511 4368 584 4423 etaim
600 4384 652 4424 una
673 4370 763 4424 anima
777 4369 926 4440 peremnia
938 4382 1001 4424 cor·
1053 4371 1152 4427 diuersi
1177 4372 1308 4441 prodeunt
1331 4370 1474 4441 palmites,
1498 4370 1543 4424 alii
1562 4370 1671 4438 quidem
1694 4369 1841 4438 aliquando

217 4459 291 4529 poris
306 4459 426 4513 membra
442 4458 620 4526 diffunditant
641 4461 680 4516 sic
692 4476 745 4515 uno
756 4461 803 4515 [lei
818 4459 920 4530 Spiritu
935 4473 1000 4515 sao·
1053 4460 1239 4532 praecidendi,
1266 4461 1312 4515 alii
1342 4460 1528 4530 germinandis
1551 4455 1683 4514 lrttctibus
1709 4467 1842 4528 perpetuo

214 4558 259 4604 cto
273 4549 435 4606 uttiversalt's
452 4549 574 4606 Ecclesia
594 4558 743 4623 vegetatur.
764 4549 841 4605 Unde
855 4558 882 4605 et
901 4548 1000 4605 Paulus
1054 4550 1233 4615 reservandi3
1250 4550 1298 4606 sed
1320 4551 1366 4620 qui
1386 4548 1549 4621 praecidendi
1565 4556 1638 4611 suttt,
1652 4545 1770 4616 quattdiu
1786 4544 1840 4598 lala
1891 4600 1894 4605 ,

214 4640 361 4696 (brintblis
378 4641 465 4698 dicit:
483 4661 492 4694 t
508 4641 585 4699 Sicut
603 4642 676 4698 enim
697 4658 795 4712 eorpus
808 4657 891 4696 tanum
906 4649 958 4709 est,
973 4650 1001 4698 et
1052 4639 1219 4710 evangeliea,
1244 4638 1286 4693 tel
1310 4640 1450 4715 canonica
1461 4654 1514 4692 non
1534 4636 1690 4701 accesserit,
1711 4635 1841 4703 uttidouid

215 4731 337 4786 membra
360 4732 442 4789 babet
464 4734 565 4799 multam
591 4734 681 4789 onmia
698 4742 788 4789 autem
804 4734 1002 4790 metnbracor·
1053 4727 1357 4792 efferuntabouorum
1378 4728 1518 4800 palmitum
1532 4728 1667 4784 fructibus
1678 4742 1732 4782 trun
1747 4740 1841 4781 secer·
1903 4803 1909 4815 θ

214 4820 424 4892 poriscutttsint
438 4824 533 4890 multa,
549 4839 633 4879 unum
643 4834 734 4879 totoen
748 4839 847 4893 corpus
863 4833 945 4891 sunt;
961 4824 999 4880 ita
1055 4822 1140 4888 nitur,
1154 4821 1204 4879 scd
1217 4816 1404 4878 indifferenter
1414 4821 1539 4876 babetur.

165 4990 167 4993 ι
212 4918 241 4963 et
262 4908 387 4965 cbristus
412 4911 437 4981 (l
458 4912 623 4984 (lor.1tt).r
646 4914 753 4969 Etenim
776 4916 802 4970 in
824 4931 880 4971 uno
901 4916 998 4987 spiritu
1351 4931 1555 4991 (1ngva1,

212 5012 308 5054 omnes
319 5014 369 5054 uos
381 4999 408 5054 in
423 5016 505 5056 mtuto
518 5017 618 5071 corpus
628 5003 754 5074 baptizati
769 5018 871 5059 sumus.
886 5003 923 5058 At
934 5017 999 5059 uero
1053 5025 1093 5080 pp
1114 5024 1278 5096 mummi,
1292 5024 1435 5095 fppggwpp„
1461 5039 1574 5093 quorum
1594 5033 1684 5077 mmm
1707 5020 1840 5076 0211st

212 5091 303 5148 aniana
315 5107 376 5147 com
387 5092 423 5148 sit
434 5107 500 5157 otta,
512 5093 603 5147 omnia
613 5093 721 5164 quidem
737 5094 993 5160 membra-tivisscat
1361 5104 1420 5146 autu
1437 5092 1527 5163 [aaut.

214 5181 267 5236 sed·
277 5197 329 5236 non
345 5196 438 5246 unam,
451 5181 628 5251 eamdemque
651 5183 704 5238 tim
730 5183 859 5239 membris
873 5185 999 5241 omnibus
1087 5185 1157 5241 ilinc
1181 5194 1225 5241 est
1245 5185 1328 5248 enim,
1344 5185 1417 5254 quod
1432 5199 1531 5240 omnes
1543 5183 1739 5249 ordinationes,
1750 5196 1841 5253 quaes

213 5272 578 5342 administratgnnibusdant
599 5287 696 5343 nempe
709 5274 786 5342 attasi
802 5274 918 5343 quadam
930 5291 999 5347 prac-
1052 5273 1171 5340 Liberio,
1187 5275 1317 5330 nereum
1328 5274 1464 5340 videlicet,
1478 5273 1659 5340 etseditioso,
1675 5281 1739 5328 sunt
1751 5271 1840 5337 laetae,

217 5362 336 5430 rogatira
362 5362 496 5427 concedit,
523 5362 595 5432 qood
617 5362 679 5418 allis
695 5378 748 5418 non
767 5365 907 5434 inpertit:
933 5381 997 5421 nam
1053 5368 1080 5422 in
1104 5366 1146 5423 sui
1168 5375 1256 5422 status
1276 5375 1426 5421 noscuntur
1439 5364 1628 5421 immobilitate
1641 5371 1755 5420 semotae
1767 5362 1842 5432 (cou-

215 5463 276 5503 cum
300 5452 379 5524 108
402 5452 502 5509 caeteta
521 5453 641 5510 membra
663 5469 712 5523 per
734 5469 794 5509 eam
818 5457 1000 5513 communitor
1051 5456 1111 5512 sule
1119 5456 1218 5511 sciolis
1229 5455 1263 5509 od
1276 5455 1372 5510 calcem
1382 5454 1521 5526 opusculi).
1536 5456 1620 5511 Porro
1635 5453 1760 5510 Liberius
1776 5468 1841 5522 per·

214 5539 316 5605 vitant,
332 5542 426 5598 oculus
440 5544 474 5599 ab
488 5561 520 5601 ea
533 5544 710 5616 spiritualiter
723 5545 830 5615 accipit,
844 5563 897 5602 non
909 5549 997 5604 solum
1054 5545 1124 5601 lidiae
1137 5547 1266 5616 deceptus
1288 5560 1390 5609 errore,
1409 5546 1519 5602 Arianae
1532 5546 1628 5602 barest
1645 5544 1841 5615 subscripsisse

213 5639 244 5684 ιιι
258 5629 339 5694 vivat,
362 5632 408 5686 scd
423 5635 505 5689 etiam
517 5644 546 5689 ut
559 5636 667 5702 videat;
688 5634 763 5690 araris
776 5646 805 5691 ut
821 5636 933 5702 audiat;
950 5652 998 5692 cor
1052 5635 1231 5706 dignoscitur,
1252 5636 1331 5705 107
1343 5652 1375 5691 ac
1386 5652 1434 5706 per
1446 5636 1505 5705 ejtts
1525 5637 1768 5709 transgressionem
1788 5650 1837 5692 oo·

213 5729 241 5779 ut
265 5720 351 5792 sapiat
373 5721 470 5785 ;ttaris
487 5732 515 5794 ut
533 5723 661 5785 olfaciat:
687 5724 779 5799 lingua
803 5737 832 5781 ut
849 5725 976 5800 loqttalur
988 5744 998 5793 l
1053 5726 1210 5783 laodissiota
1233 5726 1335 5782 scelera
1361 5735 1425 5780 surtt
1449 5728 1594 5783 cotartttissa
1610 5746 1616 5781 :
1631 5725 1709 5782 multi
1730 5740 1840 5798 quoque
