4017 6192
176 344 227 400 lll
383 340 413 399 S.
431 341 534 399 autur
552 341 694 398 uamtttt
711 341 785 401 ΟΡΡ.
813 340 930 400 tostus
946 339 1012 397 SEU
1030 340 1120 397 PARS
1138 341 1182 397 ut.
1200 353 1236 383 -·-
1254 338 1437 398 bruscum
1455 334 1570 392 talita.
1749 333 1803 391 tis

177 456 263 512 l’orro
283 465 374 511 autem
385 456 455 512 sicut
468 457 555 510 Adam
579 457 650 511 inter
672 471 762 511 onmra
785 455 866 528 407
887 472 963 528 para·
977 460 1001 518 Α
1015 454 1083 521 trial,
1098 469 1178 526 quam
1196 450 1342 508 immundis
1357 449 1516 505 mulieribus
1531 463 1581 519 per
1598 447 1707 520 bloyseu
1731 451 1803 503 licus

179 546 231 601 disi
257 560 345 615 porum,
379 545 444 600 illud
477 544 611 600 duntaxat
638 546 711 615 quod
743 547 814 603 bens
843 555 967 602 uetuerat
1016 543 1253 615 iniqnitatisultor
1269 536 1508 601 intentatullis,
1523 535 1803 605 inquit,maledictie·

180 635 354 705 concupivit:
373 635 413 689 sic
427 648 442 687 a
455 633 531 688 robis
545 648 579 689 ex
593 635 719 691 uniuersa
733 634 843 691 bunmni
859 635 967 708 generis
1016 634 1096 690 nibus
1117 630 1271 701 subjacebis
1292 645 1299 682 ι
1321 630 1372 684 liet
1392 636 1419 683 te
1447 625 1520 681 beus
1543 625 1573 680 io
1583 622 1801 682 maledictionem

181 723 353 780 multitudiue
366 722 405 778 illi
418 724 606 782 tantummodo
618 732 681 780 aurit
696 724 786 789 electa,
800 725 846 796 qui
860 723 968 797 penitus
1016 723 1223 793 exemplumque
1235 728 1395 776 cunctorum
1409 717 1437 772 iu
1454 715 1553 788 populo
1565 728 1630 781 sua;
1644 723 1803 785 putrescere

181 814 216 870 ab
227 812 300 867 omui
314 811 454 867 muliebris
468 809 648 868 allectussuat
663 812 891 871 eonloederatioue
905 829 968 885 pro·
1016 814 1099 871 larciat
1111 812 1201 872 lentur
1213 822 1299 876 tuum,
1310 818 1338 865 et
1351 819 1459 866 tauteus
1469 817 1562 863 uterm
1576 816 1639 861 trrtrs
1650 806 1804 875 disrumpa-

182 903 270 960 lribiti.
285 903 337 959 Per
348 918 397 959 ros
415 912 512 959 eontra
527 912 628 959 turrem
644 905 728 960 Dauid
748 905 872 960 baurasei
883 902 968 961 lacies
1018 914 1071 959 tar.
1087 903 1275 975 Ingrediaatar
1292 916 1369 971 aquae
1383 898 1532 954 ritaledictae
1544 891 1667 968 hogio
1679 903 1803 949 uentrem

182 993 304 1059 dimicat,
334 993 398 1048 darm
427 994 554 1064 anitiquus
583 992 668 1050 bostis
697 1009 746 1064 per
764 1009 813 1050 uos
841 993 969 1050 inuadere
1019 1001 1104 1058 taum,
1124 999 1152 1046 et
1169 995 1429 1045 uterotnmesceute
1447 992 1585 1057 putrescat
1605 982 1804 1054 lemuriilaar.

181 1083 316 1138 castitatis
335 1083 527 1140 ecclesiastiae
547 1099 677 1140 cacumen
690 1084 810 1140 anhelat.
825 1081 879 1150 Yos
891 1084 970 1156 plane
1019 1079 1059 1150 ι).
1078 1097 1087 1131 ι
1105 1079 1257 1149 Perdebdll
1275 1078 1369 1145 elllbb
1387 1075 1451 1147 (1⁰5³
1464 1076 1522 1131 ΜΕ
1537 1073 1681 1130 delecisti&
1694 1072 1803 1136 carnis·

183 1184 236 1223 raon
258 1169 404 1229 imraterito.
426 1170 523 1236 lateas,
546 1172 672 1242 dipsades
699 1171 742 1226 uei
757 1180 885 1238 cerastes,
908 1187 969 1241 quae
1019 1186 1073 1240 qna
1097 1185 1169 1224 nurrc
1184 1168 1296 1232 fruitur,
1323 1168 1396 1222 iilam
1415 1168 1467 1223 sibi
1489 1167 1561 1238 parit
1581 1164 1804 1231 amaritudinem,

184 1257 292 1313 miseris
309 1266 337 1313 et
358 1258 474 1314 incautis
501 1259 657 1315 bominibus
669 1260 710 1318 sic
723 1261 881 1333 sanguinem
897 1262 969 1332 sugi·
1020 1260 1053 1315 de
1066 1273 1119 1330 qua
1138 1259 1165 1314 in
1187 1258 1348 1329 Apocalypsi
1364 1256 1483 1313 loannes
1504 1257 1561 1311 ait:
1578 1276 1588 1308 ι
1608 1254 1677 1323 Quia
1696 1255 1739 1320 hi,
1758 1254 1806 1327 qui

183 1348 236 1410 tis,
263 1356 294 1402 ut
322 1347 421 1404 letbale
447 1349 522 1404 airus
546 1365 640 1405 eorum
666 1350 816 1407 uisceribus
839 1352 969 1407 irrlluatis.
1021 1350 1096 1404 artissi
1107 1358 1171 1405 suat
1184 1349 1211 1403 in
1224 1357 1350 1419 stagnum
1364 1348 1436 1419 ignis
1449 1346 1581 1411 ardentis,
1595 1344 1805 1401 commanduca-

184 1435 261 1493 Uude
282 1437 317 1492 ad
340 1438 446 1492 illarum
467 1454 610 1495 nanterum
629 1441 806 1511 pertinentes,
821 1442 854 1497 de
871 1442 971 1512 quibus
1021 1447 1118 1494 rerunt
1129 1438 1236 1509 linguas
1249 1453 1313 1495 snas
1325 1453 1380 1509 pras
1394 1436 1498 1502 dolore,
1512 1445 1541 1492 et
1551 1434 1807 1509 blasphemaverunt

185 1525 292 1596 Moyses
305 1525 489 1582 israelitarum
505 1528 673 1599 principibus
685 1530 742 1585 ait:
761 1548 771 1583 ι
786 1530 841 1586 Cur
855 1531 972 1587 seminas
1022 1530 1106 1587 Deum
1123 1529 1185 1587 cmii
1200 1538 1228 1586 et
1247 1540 1326 1586 tarrae
1340 1530 1368 1585 iu
1385 1528 1523 1584 doloribus
1536 1537 1565 1582 et
1576 1526 1735 1582 uulneribus
1750 1525 1807 1580 suis

185 1615 364 1669 reservastis?
387 1615 481 1671 Nonne
494 1617 553 1672 iste
568 1627 630 1673 snm
653 1634 714 1690 aquae
727 1619 891 1691 deceperant
902 1620 971 1677 lilios
993 1643 999 1654 ·
1023 1622 1116 1692 (Aper.
1130 1621 1223 1693 auria
1246 1618 1301 1677 Sed
1312 1635 1362 1691 ego
1377 1619 1440 1675 dnm
1461 1617 1642 1690 productioris
1664 1615 1725 1687 styli
1739 1614 1807 1670 laci·

188 1702 273 1758 lsrael
286 1706 320 1759 ad
332 1707 533 1777 suggestionem
555 1708 684 1777 balsana,
706 1720 734 1766 et
751 1714 922 1782 praevaricari
935 1715 973 1769 ic·
1028 1711 1196 1784 aiamlugio,
1210 1712 1283 1768 velut
1300 1725 1334 1766 ex
1345 1724 1443 1783 magno
1455 1708 1745 1778 animositatisgurgite
1763 1707 1806 1761 rix

185 1802 281 1849 certarat
296 1809 345 1849 uos
358 1795 385 1850 in
400 1796 601 1868 bamtnoaaper
614 1811 724 1871 peccato
737 1800 859 1873 Pbogori
874 1803 971 1871 (Nara.
986 1818 1010 1879 tt
1024 1814 1132 1859 manem
1155 1804 1299 1860 scintillam
1325 1803 1352 1859 in
1372 1803 1555 1875 inmoriturmn
1577 1799 1663 1856 austri
1685 1805 1808 1854 armenta

187 1882 276 1953 xxxi.)
294 1903 304 1937 r
322 1884 413 1955 Ecqua
433 1884 505 1940 euim
529 1889 627 1950 naeniis
650 1889 763 1945 audacia
783 1907 836 1945 non
857 1895 972 1962 peritos.
1027 1894 1143 1952 aiguno,

189 1975 297 2031 rescitis
317 1987 486 2034 contrectare
510 1995 607 2037 manus
625 1991 800 2039 sacrosancto
812 1987 971 2055 chrismate,
1058 1985 1198 2042 Postremo
1207 1993 1296 2041 umen
1306 1983 1398 2039 audite
1408 1998 1460 2047 me,
1469 1981 1625 2053 muscipulae
1633 1979 1808 2042 clericorum,

187 2065 229 2119 acl
240 2066 299 2120 olco
310 2065 453 2133 delibutas,
466 2068 616 2126 sireetiam
626 2072 799 2145 euangelicis,
812 2075 854 2130 uel
864 2085 973 2148 aposto·
1024 2079 1057 2143 si,
1068 2077 1139 2148 quod
1152 2078 1228 2134 robis
1237 2077 1358 2132 clausum
1369 2073 1421 2143 es‘t,
1432 2089 1545 2147 regnam
1557 2072 1637 2129 ruitis
1648 2085 1811 2142 reerrperare

187 2155 248 2211 licis
277 2157 382 2227 paginis
408 2162 553 2217 assuetas?
583 2162 655 2219 uicit
685 2167 719 2221 de
749 2167 869 2239 maligno
894 2169 974 2228 basto
1024 2161 1809 2238 catarum,rapaatanqaamactnsaetestanaacaaaanta,

187 2249 338 2322 scritum,
352 2253 415 2324 qaia
434 2256 569 2328 accacius
588 2257 685 2315 electa.
706 2259 758 2316 l‘er
773 2276 820 2317 uos
834 2278 899 2335 ergo
914 2264 975 2320 dia·
1024 2267 1052 2315 et
1063 2257 1114 2314 sub
1126 2257 1215 2328 dignas
1227 2253 1420 2312 satisfactionis
1436 2268 1469 2309 ae
1490 2251 1654 2324 paenitentiae
1668 2265 1716 2306 nos
1727 2250 1812 2319 repri-

190 2339 270 2396 bolus
282 2340 394 2396 electam
413 2356 504 2399 escam
518 2348 641 2414 devorat,
655 2348 719 2404 dum
740 2353 877 2408 sanctiora
892 2368 975 2409 arern·
1025 2349 1091 2407 urite
1104 2347 1255 2418 disciplina.
1270 2345 1366 2401 Veniat
1386 2345 1460 2400 iuter
1481 2357 1529 2398 ros
1551 2349 1645 2397 sancta
1665 2338 1811 2402 discordia,

187 2431 236 2486 bro
260 2430 402 2498 scelesta,
425 2436 607 2506 suggestionis
635 2453 668 2494 ae
690 2440 879 2499 delectationis
900 2444 974 2500 reba
1024 2453 1086 2510 qnae
1107 2438 1220 2493 suscitet
1249 2447 1278 2491 et
1300 2431 1473 2491 accendatis
1502 2432 1580 2487 aubis
1603 2430 1729 2485 salutaris
1757 2429 1811 2483 odii

188 2519 330 2591 utriusque
355 2522 426 2578 uraie
451 2524 578 2580 dentibus
606 2529 717 2595 attarit;
749 2538 779 2586 et
811 2533 875 2587 dmn
898 2534 975 2592 robis
1026 2531 1162 2596 lomitem;
1187 2538 1215 2583 et
1236 2511 1357 2583 odiosam
1372 2525 1428 2580 lieo
1442 2521 1525 2579 violat
1537 2521 1711 2576 charitatem.
1724 2517 1812 2573 Nolite

186 2607 277 2681 jrnrgit
297 2625 359 2679 eos,
385 2612 413 2668 in
437 2627 487 2669 soa
509 2615 613 2672 uiscera
637 2619 714 2687 quasi
737 2620 895 2691 trajiciendo
909 2641 977 2682 eon·
1025 2638 1091 2678 vasa
1102 2623 1157 2677 boo
1170 2630 1275 2675 sacrata
1291 2618 1318 2673 in
1333 2632 1397 2672 rasa
1410 2612 1580 2672 contumelia
1592 2621 1708 2667 vertere.
1724 2608 1812 2664 Nolite

188 2700 280 2754 uertit.
1027 2716 1084 2770 baar
1107 2709 1230 2781 exemplo
1256 2709 1392 2764 Baltassar
1416 2705 1476 2762 usui
1500 2714 1597 2760 restra
1626 2699 1814 2758 delectationis

224 2787 252 2842 la
266 2787 388 2859 denaria
408 2791 489 2862 plane
514 2797 619 2867 syuodo
637 2809 738 2857 sanctu
761 2805 898 2861 momoriae
920 2805 976 2865 Lao
1027 2816 1122 2875 spara
1137 2802 1217 2873 (baa.
1234 2801 1328 2870 r·),ne
1343 2805 1453 2867 repente
1468 2795 1542 2850 aelus
1561 2793 1608 2849 bei
1621 2807 1702 2864 supor
1722 2805 1770 2846 ros
1786 2790 1813 2845 ia

188 2890 259 2946 papa
277 2881 437 2948 constituit,
459 2892 489 2939 ut
503 2900 670 2959 quaecuuque
688 2891 854 2949 damnabiles
870 2896 977 2953 letaniae
1028 2895 1174 2951 iracundiae
1184 2907 1215 2949 se
1229 2891 1320 2948 lurore
1332 2890 1498 2954 succendat,
1513 2897 1541 2943 et
1555 2887 1678 2942 uibratus
1692 2882 1814 2956 indigna·

190 2966 262 3022 lntra
278 2967 398 3025 llourana
420 2975 520 3029 rrrosrria
538 2978 723 3047 reperirentur
735 2984 899 3056 presbyteris
912 3001 977 3056 pta·
1012 2985 1015 2996 '
1029 2987 1112 3042 tionis
1126 3000 1182 3041 suae
1195 2983 1466 3055 gladius‘utrunqque
1482 2977 1630 3034 conlodiat.
1649 2974 1718 3031 Noti
1739 2981 1815 3030 certe

190 3058 299 3124 “im‘'
319 3072 419 3118 ΨΜ
431 3074 459 3120 ⁰¹
481 3067 608 3141 deinceps
621 3070 796 3132 lateranensi
813 3078 915 3147 palatia
929 3081 976 3136 ad-
1029 3084 1216 3156 presbyterum
1228 3120 1236 3144 ,
1247 3075 1294 3151 qui
1307 3075 1396 3149 pellici
1410 3089 1467 3129 suaa
1483 3070 1610 3128 morienti
1640 3084 1682 3126 ac.
1698 3067 1815 3141 ponitu-

188 3150 375 3240 iudicaremur
389 3156 504 3213 ancillae.
527 3159 603 3227 Quod
620 3163 745 3221 videlicet
760 3167 878 3223 salutare
892 3154 1014 3226 statu-C
1030 3175 1121 3229 dinem
1133 3169 1264 3242 llagitanti
1277 3166 1400 3224 districte
1419 3161 1570 3234 probibuit,
1593 3172 1708 3230 seseque
1719 3174 1768 3229 pra
1781 3172 1814 3214 ea

190 3251 247 3299 “⁸¹¹¹
261 3246 397 3315 a'liliilis
415 3247 583 3323 Jasatataqae
601 3255 805 3325 plenissimam,
824 3276 881 3318 uos
895 3264 978 3318 eti-rm
1029 3262 1195 3335 preniaentie
1217 3259 1306 3316 debita
1338 3257 1488 3313 soluturum
1512 3252 1634 3308 absolute
1661 3247 1816 3321 spopondit.

190 3346 240 3424 par
263 3348 358 3390 omues
385 3335 522 3395 Ecclesias
544 3346 746 3416 propagandum
770 3362 830 3403 esse
858 3350 980 3406 ducemi-
1029 3353 1075 3411 illa
1090 3360 1183 3422 utpote
1195 3346 1329 3405 sacerdoti
1343 3355 1371 3402 et
1393 3343 1491 3400 litteris
1501 3342 1607 3398 erudito
1620 3339 1721 3396 bomini
1737 3336 1817 3394 lacile

192 3437 253 3479 taus
281 3442 288 3479 :
312 3434 446 3494 quatenus
468 3442 596 3503 percepto
621 3437 697 3505 prius
721 3440 876 3510 apostolicae
906 3443 979 3499 sedis
1029 3443 1156 3509 credidit,
1166 3441 1260 3511 sicque
1275 3437 1342 3493 sein
1358 3445 1490 3491 tartarum
1500 3448 1562 3489 curu
1577 3446 1666 3486 massa
1680 3429 1815 3501 plumbea,

190 3515 290 3580 edicto,
305 3519 490 3591 unusquisque
518 3525 659 3597 episcopus
679 3529 807 3587 Ecclesiae
821 3547 877 3587 suae
893 3534 980 3590 rinm-
1028 3550 1110 3608 qnam
1135 3532 1282 3589 Zacharias
1306 3528 1437 3601 propbeta
1458 3534 1573 3582 testatur
1592 3522 1736 3594 (decbr),
1762 3522 1814 3577 im-

140 3687 143 3702 *
191 3617 236 3662 cet
249 3608 373 3676 lamulas,
387 3616 492 3682 quasin
510 3632 558 3672 sua
571 3620 698 3688 parochia
713 3623 916 3694 deprehenderit
932 3642 978 3683 so·
1030 3624 1134 3681 mersit.
1153 3622 1287 3679 Subdolos
1300 3636 1366 3692 ergo
1376 3617 1689 3688 deceptores,tanqnam
1706 3627 1817 3684 serpeu-

191 3699 294 3770 “Ueii
308 3704 475 3776 bretbytaria
485 3709 645 3768 aoaaaatane
656 3713 817 3773 substratas.
832 3717 979 3790 AEqrritatis
1030 3716 1115 3771 tiaum
1127 3712 1202 3769 virus
1214 3710 1338 3782 abjicite,
1351 3718 1381 3764 et
1393 3722 1443 3764 tos
1455 3707 1527 3763 reiut
1546 3704 1695 3761 ecruentis
1708 3703 1815 3759 leonum

193 3790 375 3863 scilicetiurc,
388 3806 415 3851 u·
429 3814 489 3868 quat
501 3802 585 3859 sacris
606 3804 735 3863 altaribus
749 3810 870 3879 rapuisse
885 3826 978 3868 serro-
1030 3803 1154 3860 (ibidibus
1172 3800 1230 3857 0⁰¹³
1251 3798 1387 3856 felistim·

193 3893 254 3936 mm
270 3882 318 3938 Dei
331 3886 531 3945 carratammur
547 3892 723 3965 obsequium,
737 3898 802 3969 ipse
811 3899 869 3956 'lroc
882 3900 979 3959 saltem
1065 3893 1120 3949 llas
1133 3907 1183 3949 ros
1197 3899 1308 3954 terreat,
1320 3887 1391 3957 (1110(Ι
1409 3884 1489 3953 torte,
1506 3901 1558 3942 ¹¹⁰ss
1573 3884 1661 3942 diffini
1673 3883 1756 3951 fidele
1770 3882 1819 3938 ’ὦ

193 3971 321 4043 episcopo
337 3990 386 4044 por
407 3978 531 4036 diminuti
550 3985 648 4053 eapitis
669 3987 710 4042 sai
731 3989 875 4059 suppleant
893 3993 980 4046 larrrn.
1030 3985 1150 4058 pertidia
1166 3999 1216 4038 aas
1240 3981 1355 4037 airardus
1378 3978 1663 4049 subarslraritsqnod
1699 3985 1759 4032 rata
1791 3982 1820 4030 et

194 4058 289 4119 latum.
301 4063 354 4119 Sed
365 4067 429 4136 quid
443 4083 494 4141 ogo
508 4070 620 4140 loquens
633 4076 710 4132 robis
727 4077 797 4133 altra
810 4081 981 4152 progrediar?
1031 4077 1196 4133 nranimento
1217 4073 1317 4129 datalia
1333 4072 1455 4128 notarius
1473 4071 1550 4141 qnasi
1573 4068 1737 4126 matrimonii
1757 4066 1820 4136 iure

194 4154 286 4222 padus
307 4154 364 4223 ipse
380 4156 634 4230 deusomnipotens
653 4166 718 4234 quid
741 4170 881 4239 vobispcr
902 4170 980 4226 iere·
1030 4166 1207 4237 conscripsit3
1231 4164 1303 4234 qnod
1335 4162 1518 4233 juramentum
1541 4161 1575 4216 ad
1607 4158 1819 4216 coullrmandam

196 4242 279 4296 ”ssim
303 4243 442 4315 ¹⁰ll¹¹il¹lb
469 4250 624 4307 auerrdite:
648 4272 657 4306 a
679 4255 793 4323 Audite,
810 4259 908 4328 inquit,
923 4278 982 4315 um·
1031 4256 1232 4330 qnadammodo
1248 4253 1364 4324 conjugit
1387 4251 1511 4323 copulam
1531 4251 1658 4321 utrinqne
1677 4248 1819 4320 processit.

197 4330 290 4399 flemis
314 4337 428 4391 teritum
452 4338 572 4407 banniri,
591 4352 618 4397 et
637 4357 776 4402 assumant
795 4361 982 4408 aaresrestne
1031 4352 1129 4407 Totum
1145 4349 1217 4414 hoe,
1233 4347 1306 4417 quud
1323 4343 1450 4400 uidelicet
1470 4344 1539 4414 apud
1555 4341 1624 4397 alios
1643 4349 1686 4396 est
1703 4335 1821 4408 conjugii

196 4436 350 4479 sermonem
372 4427 429 4483 oris
451 4430 527 4484 anei:
548 4436 643 4489 docete
665 4435 734 4491 illias
749 4449 856 4496 sestias
878 4440 981 4498 lamen·
1034 4442 1244 4504 firmamentum,
1264 4440 1335 4493 inter
1353 4453 1403 4493 aas
1421 4452 1521 4491 sanum
1542 4436 1679 4505 pudicatnr
1694 4442 1723 4488 et
1738 4431 1822 4487 lriro·

195 4520 264 4580 tum,
276 4523 305 4571 et
317 4530 485 4590 uuaqnaequc
501 4522 651 4590 prociarum
663 4541 740 4581 auam
754 4529 904 4599 planctum,
916 4534 980 4604 qnia
996 4507 1020 4566 ¹)
1033 4534 1099 4588 lunt.
1113 4532 1182 4587 uam
1197 4546 1259 4586 erim
1272 4529 1412 4598 Scriptura
1425 4527 1498 4583 dicat
1516 4544 1524 4581 ι
1543 4545 1552 4577 ι
1568 4527 1591 4580 Α
1606 4527 1663 4581 bea
1672 4524 1753 4579 datur
1764 4522 1823 4577 siro

196 4606 319 4663 ascendit
342 4624 416 4665 mors
435 4626 485 4681 per
506 4615 640 4672 fenestras
665 4628 778 4685 testans,
804 4621 925 4693 ingressa
940 4636 983 4680 est
1035 4619 1288 4695 uxorll’raa.srsi;
1301 4614 1670 4685 aetliomiausinlivangeliu
1682 4611 1715 4668 εἰ
1728 4611 1824 4669 limatis

199 4698 295 4758 domos
308 4713 424 4771 vestras,
439 4706 592 4779 dispergere
602 4710 727 4779 parvulos
736 4714 769 4769 de
780 4715 856 4783 loris,
867 4716 982 4786 iuuenes
1036 4715 1128 4777 arbor,
1152 4727 1232 4782 quam
1258 4724 1312 4770 noa
1330 4707 1461 4778 plantavit
1482 4704 1563 4760 Pater
1583 4717 1660 4760 naeus
1683 4703 1824 4762 colestia.

200 4792 348 4863 deplatels.
365 4797 399 4851 Et
409 4799 488 4854 cadet
498 4802 669 4858 morticinium
683 4805 809 4871 bominis,
820 4810 899 4879 qnasi
909 4818 978 4865 stor-
1035 4804 1221 4861 eradicabitur
1235 4799 1343 4870 (Wil-
1365 4799 1426 4867 ¹i'l2
1446 4817 1456 4851 t
1473 4797 1546 4852 ¹¹¹¹¹¹0
1559 4794 1716 4851 Sibllffllills
1728 4793 1826 4848 ”illidi

197 4898 264 4946 cus,
283 4899 365 4955 snper
378 4887 475 4943 la'ciem
497 4893 627 4961 regionis,
647 4904 675 4951 et
695 4898 771 4967 quasi
794 4897 897 4956 loenum
921 4912 983 4972 post
1036 4895 1211 4951 laudamento
1234 4890 1304 4961 qnod
1327 4887 1521 4960 orarripotentis
1540 4886 1586 4942 liei
1609 4886 1757 4941 reluctatur
1772 4883 1825 4936 im·

167 4985 172 4990 ·
196 4982 302 5045 tergum
319 4978 458 5044 arreterttis,
472 4987 501 5035 et
520 4996 573 5038 non
586 4993 629 5039 est
642 4984 688 5055 qul
702 4986 813 5059 colligat
828 4987 896 5059 (der.
910 4992 957 5062 rx).
971 5011 981 5044 a
1036 4985 1121 5056 perio.
1138 4983 1166 5038 la
1177 4997 1225 5037 tas
1238 4981 1337 5051 qttippe
1356 4979 1496 5043 redundat,
1510 4978 1582 5048 (illud
1598 4974 1681 5030 ¹⁵³5„
1693 4973 1825 5044 bribia*

197 5063 254 5120 lato
276 5066 370 5122 audiat
390 5082 558 5141 unaquaeqne
577 5074 643 5143 qnid
655 5074 707 5131 sibi
721 5080 904 5147 peremndclu
921 5096 983 5151 pro·
1035 5076 1177 5133 denuntiat
1194 5088 1202 5128 t
1224 5073 1277 5128 Pro
1295 5089 1341 5135 eo,
1356 5071 1444 5141 inquit
1456 5112 1463 5132 ,
1477 5071 1547 5141 qaod
1566 5070 1672 5124 eierato
1688 5076 1751 5122 sant
1763 5065 1829 5135 filiae

197 5155 307 5226 ριιιιιιιιι
328 5157 399 5214 idem
420 5159 550 5217 borrdms
574 5163 747 5234 singulariter
766 5166 837 5222 dicat
853 5185 860 5221 ε
879 5186 888 5220 a
915 5169 983 5235 eria
1036 5168 1111 5232 Sion,
1123 5177 1147 5221 et
1170 5162 1368 5219 carbaiaaeraat
1389 5172 1492 5216 extenta
1505 5157 1591 5226 colla,
1608 5169 1633 5212 et
1646 5158 1751 5212 natibus
1765 5171 1832 5208 aaa·

197 5246 281 5301 oblita
296 5262 327 5302 os
344 5249 405 5315 urei,
419 5253 559 5307 etcontlsa
570 5268 601 5309 cs
616 5255 643 5308 in
659 5255 811 5319 ruerrdaeio,
830 5264 857 5310 at
871 5271 921 5326 ego
933 5273 981 5311 na·
1036 5255 1122 5311 laram
1138 5254 1221 5316 iiam,
1237 5262 1261 5306 et
1274 5249 1444 5322 plaudebant,
1458 5249 1626 5304 anabalaiant
1640 5247 1749 5316 pedibas
1760 5245 1829 5304 sais,

199 5336 261 5393 dati
275 5338 378 5395 lesora
403 5349 448 5396 tna
469 5344 680 5400 contrafaciant
705 5335 802 5410 tnaru,'
817 5356 844 5401 et
859 5347 985 5417 :apparuit
1035 5354 1059 5399 et
1073 5342 1214 5413 carrrposita
1238 5339 1322 5410 prada
1346 5338 1518 5403 incedebant,
1539 5336 1684 5392 decalcabit
1698 5333 1833 5388 bamam

199 5429 346 5501 ignominia
358 5443 415 5501 tua,
426 5425 559 5492 adulteria
570 5447 626 5502 tua,
640 5419 798 5493 ctlria'uitua
813 5447 886 5504 tirus,
897 5438 987 5495 saclas
1036 5434 1156 5490 aertiraa
1177 5431 1295 5502 filiatam
1321 5428 1407 5496 Sion,
1423 5439 1447 5484 ιι
1461 5428 1590 5483 barrinas
1614 5429 1712 5483 crinem
1735 5440 1832 5480 emar

201 5518 392 5579 fornicationis
410 5536 461 5581 tuae
475 5542 557 5597 supet
570 5528 669 5592 colles,
688 5529 714 5583 iu
727 5544 792 5601 agro
809 5529 863 5585 uidi
884 5530 988 5586 abomi-
1036 5523 1154 5580 tradabit.
1172 5521 1206 5576 la
1229 5522 1272 5576 die
1294 5519 1342 5575 tila
1365 5519 1466 5589 caleret
1492 5518 1619 5573 bassanus
1643 5525 1836 5572 ornamentum

201 5616 325 5674 cationes
341 5627 402 5675 taras
419 5620 486 5693 (der.
500 5623 570 5695 arat).
583 5643 592 5677 r
605 5624 711 5680 Timeat
722 5625 829 5694 itaque,
845 5641 873 5681 et
887 5623 988 5681 ntedul·
1036 5618 1281 5682 calceamentorum,
1294 5625 1318 5670 et
1328 5612 1445 5677 laaaiar,
1457 5625 1482 5671 et
1496 5624 1616 5684 torques,
1627 5623 1651 5669 et
1664 5611 1789 5675 monilia,
1801 5619 1835 5663 er

202 5704 267 5764 iitus
279 5710 482 5776 carrtremiscat,
498 5727 531 5768 nc
546 5727 627 5782 snpcr
643 5727 704 5772 mm
718 5712 765 5772 illa
777 5713 929 5773 maledictio
941 5728 988 5770 sa·
1037 5709 1167 5783 armillas,
1180 5718 1205 5766 et
1216 5708 1320 5777 mitras,
1331 5716 1355 5762 et
1366 5706 1604 5775 discriminabant
1616 5703 1791 5764 verbatim,
1801 5714 1838 5757 ει
