<?xml version="1.0" encoding="UTF-8"?>
<!DOCTYPE html PUBLIC "-//W3C//DTD XHTML 1.0 Transitional//EN"
    "http://www.w3.org/TR/xhtml1/DTD/xhtml1-transitional.dtd">
<html xmlns="http://www.w3.org/1999/xhtml" xml:lang="en" lang="en">
 <head>
  <title>
</title>
<meta http-equiv="Content-Type" content="text/html;charset=utf-8" />
  <meta name='ocr-system' content='tesseract 3.04.00' />
  <meta name='ocr-capabilities' content='ocr_page ocr_carea ocr_par ocr_line ocrx_word'/>
</head>
<body>
  <div class='ocr_page' id='page_1' title='image "./patrologiaecurs129migngoog/patrologiaecurs129migngoog_0482.png"; bbox 0 0 4017 6192; ppageno 0'>
   <div class='ocr_carea' id='block_1_1' title="bbox 159 584 943 776">
    <p class='ocr_par' dir='ltr' id='par_1_1' title="bbox 159 584 943 776">
     <span class='ocr_line' id='line_1_1' title="bbox 196 584 814 678; baseline 0.05 -41"><span class='ocrx_word' id='word_1_1' title='bbox 196 584 261 652; x_wconf 76' lang='lat' dir='ltr'>Qun</span> <span class='ocrx_word' id='word_1_2' title='bbox 275 586 391 646; x_wconf 76' lang='lat' dir='ltr'>Verbum</span> <span class='ocrx_word' id='word_1_3' title='bbox 402 593 486 651; x_wconf 87' lang='lat' dir='ltr'>verbo</span> <span class='ocrx_word' id='word_1_4' title='bbox 496 601 616 672; x_wconf 77' lang='lat' dir='ltr'>concipis</span> <span class='ocrx_word' id='word_1_5' title='bbox 627 605 731 678; x_wconf 81' lang='lat' dir='ltr'>absque</span> <span class='ocrx_word' id='word_1_6' title='bbox 745 611 814 668; x_wconf 91' lang='lat' dir='ltr'>viru.</span> 
     </span>
     <span class='ocr_line' id='line_1_2' title="bbox 159 673 943 776; baseline 0.048 -49"><span class='ocrx_word' id='word_1_7' title='bbox 159 673 273 731; x_wconf 82' lang='lat' dir='ltr'>Tartara</span> <span class='ocrx_word' id='word_1_8' title='bbox 284 680 356 748; x_wconf 85' lang='lat' dir='ltr'>quod</span> <span class='ocrx_word' id='word_1_9' title='bbox 369 689 502 753; x_wconf 89' lang='lat' dir='ltr'>metuunt,</span> <span class='ocrx_word' id='word_1_10' title='bbox 523 688 602 748; x_wconf 91' lang='lat' dir='ltr'>tellus</span> <span class='ocrx_word' id='word_1_11' title='bbox 618 706 708 763; x_wconf 81' lang='lat' dir='ltr'>paret,</span> <span class='ocrx_word' id='word_1_12' title='bbox 722 711 795 756; x_wconf 86' lang='lat' dir='ltr'>astra</span> <span class='ocrx_word' id='word_1_13' title='bbox 807 720 943 776; x_wconf 86' lang='lat' dir='ltr'>verentur,</span> 
     </span>
    </p>
   </div>
   <div class='ocr_carea' id='block_1_2' title="bbox 142 762 931 1759">
    <p class='ocr_par' dir='ltr' id='par_1_2' title="bbox 142 762 931 1759">
     <span class='ocr_line' id='line_1_3' title="bbox 193 762 872 855; baseline 0.05 -37"><span class='ocrx_word' id='word_1_14' title='bbox 193 762 315 825; x_wconf 76' lang='lat' dir='ltr'>l‘ectoris</span> <span class='ocrx_word' id='word_1_15' title='bbox 330 779 408 827; x_wconf 90' lang='lat' dir='ltr'>antra</span> <span class='ocrx_word' id='word_1_16' title='bbox 420 773 521 845; x_wconf 91' lang='lat' dir='ltr'>lerunt,</span> <span class='ocrx_word' id='word_1_17' title='bbox 539 785 634 839; x_wconf 90' lang='lat' dir='ltr'>tartari</span> <span class='ocrx_word' id='word_1_18' title='bbox 651 789 723 855; x_wconf 85' lang='lat' dir='ltr'>qurrd</span> <span class='ocrx_word' id='word_1_19' title='bbox 740 801 872 851; x_wconf 73' lang='lat' dir='ltr'>metuunt.</span> 
     </span>
     <span class='ocr_line' id='line_1_4' title="bbox 157 854 868 953; baseline 0.045 -44"><span class='ocrx_word' id='word_1_20' title='bbox 157 854 266 926; x_wconf 74' lang='lat' dir='ltr'>Virgine</span> <span class='ocrx_word' id='word_1_21' title='bbox 279 858 332 915; x_wconf 87' lang='lat' dir='ltr'>vitu</span> <span class='ocrx_word' id='word_1_22' title='bbox 344 863 415 918; x_wconf 89' lang='lat' dir='ltr'>redit</span> <span class='ocrx_word' id='word_1_23' title='bbox 427 865 543 936; x_wconf 89' lang='lat' dir='ltr'>bomini,</span> <span class='ocrx_word' id='word_1_24' title='bbox 559 885 639 941; x_wconf 79' lang='lat' dir='ltr'>quem</span> <span class='ocrx_word' id='word_1_25' title='bbox 654 878 730 948; x_wconf 76' lang='lat' dir='ltr'>virgo</span> <span class='ocrx_word' id='word_1_26' title='bbox 739 885 868 953; x_wconf 87' lang='lat' dir='ltr'>pereutit;</span> 
     </span>
     <span class='ocr_line' id='line_1_5' title="bbox 189 946 808 1036; baseline 0.047 -34"><span class='ocrx_word' id='word_1_27' title='bbox 189 946 262 1006; x_wconf 88' lang='lat' dir='ltr'>blom</span> <span class='ocrx_word' id='word_1_28' title='bbox 275 964 342 1008; x_wconf 88' lang='lat' dir='ltr'>nece</span> <span class='ocrx_word' id='word_1_29' title='bbox 355 954 425 1010; x_wconf 88' lang='lat' dir='ltr'>victa</span> <span class='ocrx_word' id='word_1_30' title='bbox 435 959 521 1027; x_wconf 89' lang='lat' dir='ltr'>perit,</span> <span class='ocrx_word' id='word_1_31' title='bbox 535 960 647 1036; x_wconf 71' lang='lat' dir='ltr'>Virgine</span> <span class='ocrx_word' id='word_1_32' title='bbox 660 969 716 1026; x_wconf 86' lang='lat' dir='ltr'>vita</span> <span class='ocrx_word' id='word_1_33' title='bbox 727 974 808 1030; x_wconf 88' lang='lat' dir='ltr'>redit.</span> 
     </span>
     <span class='ocr_line' id='line_1_6' title="bbox 152 1037 897 1139; baseline 0.046 -46"><span class='ocrx_word' id='word_1_34' title='bbox 152 1037 192 1093; x_wconf 84' lang='lat' dir='ltr'>Tu</span> <span class='ocrx_word' id='word_1_35' title='bbox 204 1055 286 1113; x_wconf 90' lang='lat' dir='ltr'>snper</span> <span class='ocrx_word' id='word_1_36' title='bbox 297 1052 371 1102; x_wconf 88' lang='lat' dir='ltr'>astra</span> <span class='ocrx_word' id='word_1_37' title='bbox 383 1047 451 1116; x_wconf 87' lang='lat' dir='ltr'>iera,</span> <span class='ocrx_word' id='word_1_38' title='bbox 466 1053 593 1123; x_wconf 87' lang='lat' dir='ltr'>petimus,</span> <span class='ocrx_word' id='word_1_39' title='bbox 608 1061 680 1127; x_wconf 86' lang='lat' dir='ltr'>quod</span> <span class='ocrx_word' id='word_1_40' title='bbox 699 1064 808 1123; x_wconf 90' lang='lat' dir='ltr'>subruit</span> <span class='ocrx_word' id='word_1_41' title='bbox 821 1069 897 1139; x_wconf 77' lang='lat' dir='ltr'>Eva3</span> 
     </span>
     <span class='ocr_line' id='line_1_7' title="bbox 185 1129 752 1217; baseline 0.048 -33"><span class='ocrx_word' id='word_1_42' title='bbox 185 1129 233 1185; x_wconf 87' lang='lat' dir='ltr'>illa</span> <span class='ocrx_word' id='word_1_43' title='bbox 245 1144 339 1203; x_wconf 73' lang='lat' dir='ltr'>gravat</span> <span class='ocrx_word' id='word_1_44' title='bbox 352 1137 446 1210; x_wconf 88' lang='lat' dir='ltr'>culpa,</span> <span class='ocrx_word' id='word_1_45' title='bbox 463 1150 491 1197; x_wconf 91' lang='lat' dir='ltr'>tn</span> <span class='ocrx_word' id='word_1_46' title='bbox 502 1158 585 1217; x_wconf 91' lang='lat' dir='ltr'>super</span> <span class='ocrx_word' id='word_1_47' title='bbox 595 1156 670 1205; x_wconf 87' lang='lat' dir='ltr'>astra</span> <span class='ocrx_word' id='word_1_48' title='bbox 680 1150 752 1211; x_wconf 88' lang='lat' dir='ltr'>lova.</span> 
     </span>
     <span class='ocr_line' id='line_1_8' title="bbox 149 1219 829 1317; baseline 0.044 -42"><span class='ocrx_word' id='word_1_49' title='bbox 149 1219 241 1277; x_wconf 80' lang='lat' dir='ltr'><strong>Gloria</strong></span> <span class='ocrx_word' id='word_1_50' title='bbox 256 1239 362 1283; x_wconf 85' lang='lat' dir='ltr'>summa</span> <span class='ocrx_word' id='word_1_51' title='bbox 377 1228 460 1299; x_wconf 86' lang='lat' dir='ltr'>Patri,</span> <span class='ocrx_word' id='word_1_52' title='bbox 475 1235 574 1305; x_wconf 74' lang='lat' dir='ltr'>genitae</span> <span class='ocrx_word' id='word_1_53' title='bbox 585 1237 622 1295; x_wconf 89' lang='lat' dir='ltr'>sit</span> <span class='ocrx_word' id='word_1_54' title='bbox 634 1240 719 1315; x_wconf 74' lang='lat' dir='ltr'>pluria</span> <span class='ocrx_word' id='word_1_55' title='bbox 733 1243 829 1317; x_wconf 87' lang='lat' dir='ltr'>Proli,</span> 
     </span>
     <span class='ocr_line' id='line_1_9' title="bbox 182 1312 918 1402; baseline 0.05 -36"><span class='ocrx_word' id='word_1_56' title='bbox 182 1312 304 1370; x_wconf 84' lang='lat' dir='ltr'>Flamine</span> <span class='ocrx_word' id='word_1_57' title='bbox 317 1322 481 1390; x_wconf 87' lang='lat' dir='ltr'>comparili,</span> <span class='ocrx_word' id='word_1_58' title='bbox 497 1325 582 1394; x_wconf 68' lang='lat' dir='ltr'>gloria</span> <span class='ocrx_word' id='word_1_59' title='bbox 598 1343 704 1388; x_wconf 84' lang='lat' dir='ltr'>summa</span> <span class='ocrx_word' id='word_1_60' title='bbox 715 1334 801 1393; x_wconf 88' lang='lat' dir='ltr'>Patri.</span> <span class='ocrx_word' id='word_1_61' title='bbox 821 1341 918 1402; x_wconf 78' lang='lat' dir='ltr'>buten.</span> 
     </span>
     <span class='ocr_line' id='line_1_10' title="bbox 243 1403 822 1495; baseline 0.045 -37"><span class='ocrx_word' id='word_1_62' title='bbox 243 1403 336 1462; x_wconf 81' lang='lat' dir='ltr'>txvt</span> <span class='ocrx_word' id='word_1_63' title='bbox 356 1407 440 1468; x_wconf 82' lang='lat' dir='ltr'>llissu</span> <span class='ocrx_word' id='word_1_64' title='bbox 459 1414 491 1470; x_wconf 84' lang='lat' dir='ltr'>de</span> <span class='ocrx_word' id='word_1_65' title='bbox 509 1414 539 1471; x_wconf 83' lang='lat' dir='ltr'>S.</span> <span class='ocrx_word' id='word_1_66' title='bbox 560 1417 669 1477; x_wconf 73' lang='lat' dir='ltr'>bareto</span> <span class='ocrx_word' id='word_1_67' title='bbox 686 1425 822 1495; x_wconf 85' lang='lat' dir='ltr'>propbeta.</span> 
     </span>
     <span class='ocr_line' id='line_1_11' title="bbox 489 1502 593 1563; baseline 0.038 -5"><span class='ocrx_word' id='word_1_68' title='bbox 489 1502 593 1563; x_wconf 84' lang='lat' dir='ltr'>Oratio.</span> 
     </span>
     <span class='ocr_line' id='line_1_12' title="bbox 177 1580 931 1683; baseline 0.048 -48"><span class='ocrx_word' id='word_1_69' title='bbox 177 1580 260 1650; x_wconf 82' lang='lat' dir='ltr'>bens,</span> <span class='ocrx_word' id='word_1_70' title='bbox 277 1586 324 1656; x_wconf 83' lang='lat' dir='ltr'>qui</span> <span class='ocrx_word' id='word_1_71' title='bbox 339 1589 459 1661; x_wconf 75' lang='lat' dir='ltr'>antiquis</span> <span class='ocrx_word' id='word_1_72' title='bbox 479 1596 601 1665; x_wconf 90' lang='lat' dir='ltr'>patribus</span> <span class='ocrx_word' id='word_1_73' title='bbox 620 1615 695 1659; x_wconf 79' lang='lat' dir='ltr'>norae</span> <span class='ocrx_word' id='word_1_74' title='bbox 716 1607 810 1678; x_wconf 74' lang='lat' dir='ltr'>gratiae</span> <span class='ocrx_word' id='word_1_75' title='bbox 828 1619 931 1683; x_wconf 81' lang='lat' dir='ltr'>myste-</span> 
     </span>
     <span class='ocr_line' id='line_1_13' title="bbox 142 1670 928 1759; baseline 0.046 -35"><span class='ocrx_word' id='word_1_76' title='bbox 142 1670 211 1727; x_wconf 91' lang='lat' dir='ltr'>rium</span> <span class='ocrx_word' id='word_1_77' title='bbox 224 1676 365 1746; x_wconf 76' lang='lat' dir='ltr'>revelasti,</span> <span class='ocrx_word' id='word_1_78' title='bbox 380 1692 495 1751; x_wconf 78' lang='lat' dir='ltr'>ptaesla,</span> <span class='ocrx_word' id='word_1_79' title='bbox 510 1700 682 1759; x_wconf 75' lang='lat' dir='ltr'>quaesumus,</span> <span class='ocrx_word' id='word_1_80' title='bbox 697 1704 728 1750; x_wconf 94' lang='lat' dir='ltr'>ut</span> <span class='ocrx_word' id='word_1_81' title='bbox 742 1696 863 1756; x_wconf 76' lang='lat' dir='ltr'>Ecclesia</span> <span class='ocrx_word' id='word_1_82' title='bbox 884 1713 928 1759; x_wconf 85' lang='lat' dir='ltr'>tua</span> 
     </span>
    </p>
   </div>
   <div class='ocr_carea' id='block_1_3' title="bbox 138 1761 991 1934">
    <p class='ocr_par' dir='ltr' id='par_1_3' title="bbox 138 1761 991 1934">
     <span class='ocr_line' id='line_1_14' title="bbox 139 1761 991 1860; baseline 0.05 -45"><span class='ocrx_word' id='word_1_83' title='bbox 139 1761 258 1822; x_wconf 77' lang='lat' dir='ltr'>Danielis</span> <span class='ocrx_word' id='word_1_84' title='bbox 269 1766 393 1827; x_wconf 84' lang='lat' dir='ltr'>lurcatur</span> <span class='ocrx_word' id='word_1_85' title='bbox 406 1776 529 1846; x_wconf 81' lang='lat' dir='ltr'>auxiliis,</span> <span class='ocrx_word' id='word_1_86' title='bbox 541 1782 620 1854; x_wconf 85' lang='lat' dir='ltr'>cnjus</span> <span class='ocrx_word' id='word_1_87' title='bbox 628 1787 795 1860; x_wconf 74' lang='lat' dir='ltr'>propheticis</span> <span class='ocrx_word' id='word_1_88' title='bbox 808 1802 852 1850; x_wconf 91' lang='lat' dir='ltr'>est</span> <span class='ocrx_word' id='word_1_89' title='bbox 863 1795 929 1853; x_wconf 81' lang='lat' dir='ltr'>aedi·</span> <span class='ocrx_word' id='word_1_90' title='bbox 985 1798 991 1809; x_wconf 69' lang='lat'>‘</span> 
     </span>
     <span class='ocr_line' id='line_1_15' title="bbox 138 1850 963 1934; baseline 0.05 -29"><span class='ocrx_word' id='word_1_91' title='bbox 138 1850 220 1909; x_wconf 87' lang='lat' dir='ltr'>licata</span> <span class='ocrx_word' id='word_1_92' title='bbox 235 1855 375 1915; x_wconf 74' lang='lat' dir='ltr'>doctrinis.</span> <span class='ocrx_word' id='word_1_93' title='bbox 392 1861 446 1919; x_wconf 89' lang='lat' dir='ltr'>Per</span> <span class='ocrx_word' id='word_1_94' title='bbox 458 1866 614 1928; x_wconf 85' lang='lat' dir='ltr'>Dominum.</span> <span class='ocrx_word' id='word_1_95' title='bbox 939 1874 963 1934; x_wconf 79' lang='grc' dir='ltr'><strong>Β</strong></span> 
     </span>
    </p>
   </div>
   <div class='ocr_carea' id='block_1_4' title="bbox 347 1948 712 2022">
    <p class='ocr_par' dir='ltr' id='par_1_4' title="bbox 347 1948 712 2022">
     <span class='ocr_line' id='line_1_16' title="bbox 347 1948 712 2022; baseline 0.055 -19"><span class='ocrx_word' id='word_1_96' title='bbox 347 1948 401 2022; x_wconf 74' lang='lat'>25</span> <span class='ocrx_word' id='word_1_97' title='bbox 416 1953 518 2012; x_wconf 79' lang='lat' dir='ltr'>txvtt.</span> <span class='ocrx_word' id='word_1_98' title='bbox 538 1959 599 2016; x_wconf 73' lang='lat' dir='ltr'>Atta</span> <span class='ocrx_word' id='word_1_99' title='bbox 617 1968 712 2022; x_wconf 86' lang='lat' dir='ltr'>oratio.</span> 
     </span>
    </p>
   </div>
   <div class='ocr_carea' id='block_1_5' title="bbox 133 2030 923 2212">
    <p class='ocr_par' dir='ltr' id='par_1_5' title="bbox 133 2030 923 2212">
     <span class='ocr_line' id='line_1_17' title="bbox 170 2030 923 2130; baseline 0.048 -44"><span class='ocrx_word' id='word_1_100' title='bbox 170 2030 262 2115; x_wconf 78' lang='lat' dir='ltr'>Deus,</span> <span class='ocrx_word' id='word_1_101' title='bbox 274 2037 319 2108; x_wconf 85' lang='lat' dir='ltr'>qui</span> <span class='ocrx_word' id='word_1_102' title='bbox 336 2053 385 2110; x_wconf 87' lang='lat' dir='ltr'>per</span> <span class='ocrx_word' id='word_1_103' title='bbox 395 2044 537 2117; x_wconf 86' lang='lat' dir='ltr'>utriusque</span> <span class='ocrx_word' id='word_1_104' title='bbox 550 2048 718 2113; x_wconf 75' lang='lat' dir='ltr'>Testamenti</span> <span class='ocrx_word' id='word_1_105' title='bbox 737 2068 832 2130; x_wconf 86' lang='lat' dir='ltr'>patres</span> <span class='ocrx_word' id='word_1_106' title='bbox 842 2062 923 2121; x_wconf 81' lang='lat' dir='ltr'>unius</span> 
     </span>
     <span class='ocr_line' id='line_1_18' title="bbox 133 2122 919 2212; baseline 0.041 -35"><span class='ocrx_word' id='word_1_107' title='bbox 133 2122 264 2182; x_wconf 71' lang='lat' dir='ltr'>Ecclesia</span> <span class='ocrx_word' id='word_1_108' title='bbox 288 2135 340 2185; x_wconf 69' lang='lat' dir='ltr'>toan</span> <span class='ocrx_word' id='word_1_109' title='bbox 361 2128 536 2193; x_wconf 83' lang='lat' dir='ltr'>lundomenta</span> <span class='ocrx_word' id='word_1_110' title='bbox 555 2143 719 2212; x_wconf 88' lang='lat' dir='ltr'>constituis,</span> <span class='ocrx_word' id='word_1_111' title='bbox 746 2148 781 2205; x_wconf 90' lang='lat' dir='ltr'>da</span> <span class='ocrx_word' id='word_1_112' title='bbox 795 2150 874 2209; x_wconf 89' lang='lat' dir='ltr'>nobis</span> <span class='ocrx_word' id='word_1_113' title='bbox 889 2152 919 2209; x_wconf 87' lang='lat' dir='ltr'>B.</span> 
     </span>
    </p>
   </div>
   <div class='ocr_carea' id='block_1_6' title="bbox 123 2212 920 2817">
    <p class='ocr_par' dir='ltr' id='par_1_6' title="bbox 123 2212 920 2817">
     <span class='ocr_line' id='line_1_19' title="bbox 133 2212 920 2308; baseline 0.042 -42"><span class='ocrx_word' id='word_1_114' title='bbox 133 2212 252 2271; x_wconf 81' lang='lat' dir='ltr'>Danielis</span> <span class='ocrx_word' id='word_1_115' title='bbox 263 2220 416 2287; x_wconf 91' lang='lat' dir='ltr'>patrocinio</span> <span class='ocrx_word' id='word_1_116' title='bbox 429 2226 544 2298; x_wconf 77' lang='lat' dir='ltr'>protegi,</span> <span class='ocrx_word' id='word_1_117' title='bbox 557 2227 635 2299; x_wconf 86' lang='lat' dir='ltr'>cujtts</span> <span class='ocrx_word' id='word_1_118' title='bbox 645 2247 738 2292; x_wconf 88' lang='lat' dir='ltr'>sumus</span> <span class='ocrx_word' id='word_1_119' title='bbox 747 2240 869 2308; x_wconf 78' lang='lat' dir='ltr'>mysticis</span> <span class='ocrx_word' id='word_1_120' title='bbox 877 2256 920 2298; x_wconf 88' lang='lat' dir='ltr'>re·</span> 
     </span>
     <span class='ocr_line' id='line_1_20' title="bbox 131 2303 847 2385; baseline 0.042 -29"><span class='ocrx_word' id='word_1_121' title='bbox 131 2303 311 2364; x_wconf 78' lang='lat' dir='ltr'>velationibus</span> <span class='ocrx_word' id='word_1_122' title='bbox 322 2309 468 2369; x_wconf 86' lang='lat' dir='ltr'>salubriter</span> <span class='ocrx_word' id='word_1_123' title='bbox 483 2315 609 2375; x_wconf 88' lang='lat' dir='ltr'>instituti.</span> <span class='ocrx_word' id='word_1_124' title='bbox 624 2321 675 2379; x_wconf 85' lang='lat' dir='ltr'>Per</span> <span class='ocrx_word' id='word_1_125' title='bbox 693 2323 847 2385; x_wconf 81' lang='lat' dir='ltr'>Dominum.</span> 
     </span>
     <span class='ocr_line' id='line_1_21' title="bbox 394 2402 654 2468; baseline 0.042 -11"><span class='ocrx_word' id='word_1_126' title='bbox 394 2402 507 2461; x_wconf 79' lang='lat' dir='ltr'>txvttt.</span> <span class='ocrx_word' id='word_1_127' title='bbox 537 2407 654 2468; x_wconf 84' lang='lat' dir='ltr'>Secreta.</span> 
     </span>
     <span class='ocr_line' id='line_1_22' title="bbox 162 2484 917 2575; baseline 0.037 -35"><span class='ocrx_word' id='word_1_128' title='bbox 162 2484 298 2558; x_wconf 60' lang='lat' dir='ltr'>censuri</span> <span class='ocrx_word' id='word_1_129' title='bbox 313 2489 465 2549; x_wconf 88' lang='lat' dir='ltr'>Susannam</span> <span class='ocrx_word' id='word_1_130' title='bbox 477 2510 526 2567; x_wconf 87' lang='lat' dir='ltr'>por</span> <span class='ocrx_word' id='word_1_131' title='bbox 539 2499 572 2558; x_wconf 87' lang='grc' dir='ltr'>Β.</span> <span class='ocrx_word' id='word_1_132' title='bbox 581 2500 917 2575; x_wconf 82' lang='lat' dir='ltr'>Danielisjudieiurolibe·</span> 
     </span>
     <span class='ocr_line' id='line_1_23' title="bbox 126 2577 915 2673; baseline 0.038 -44"><span class='ocrx_word' id='word_1_133' title='bbox 126 2577 205 2643; x_wconf 87' lang='lat' dir='ltr'>rasti,</span> <span class='ocrx_word' id='word_1_134' title='bbox 218 2577 275 2635; x_wconf 75' lang='lat' dir='ltr'>bec</span> <span class='ocrx_word' id='word_1_135' title='bbox 287 2595 400 2638; x_wconf 86' lang='lat' dir='ltr'>munera</span> <span class='ocrx_word' id='word_1_136' title='bbox 413 2587 548 2659; x_wconf 89' lang='lat' dir='ltr'>propitios</span> <span class='ocrx_word' id='word_1_137' title='bbox 563 2593 679 2663; x_wconf 83' lang='lat' dir='ltr'>respice,</span> <span class='ocrx_word' id='word_1_138' title='bbox 691 2604 774 2669; x_wconf 88' lang='lat' dir='ltr'>atque</span> <span class='ocrx_word' id='word_1_139' title='bbox 784 2597 843 2668; x_wconf 76' lang='lat' dir='ltr'>ejus</span> <span class='ocrx_word' id='word_1_140' title='bbox 853 2616 915 2673; x_wconf 86' lang='lat' dir='ltr'>pre·</span> 
     </span>
     <span class='ocr_line' id='line_1_24' title="bbox 124 2664 911 2765; baseline 0.036 -43"><span class='ocrx_word' id='word_1_141' title='bbox 124 2664 202 2724; x_wconf 87' lang='lat' dir='ltr'>cibus</span> <span class='ocrx_word' id='word_1_142' title='bbox 223 2673 385 2732; x_wconf 83' lang='lat' dir='ltr'>venerandis</span> <span class='ocrx_word' id='word_1_143' title='bbox 400 2676 435 2732; x_wconf 89' lang='lat' dir='ltr'>ab</span> <span class='ocrx_word' id='word_1_144' title='bbox 454 2680 529 2736; x_wconf 87' lang='lat' dir='ltr'>omni</span> <span class='ocrx_word' id='word_1_145' title='bbox 548 2697 597 2739; x_wconf 88' lang='lat' dir='ltr'>nos</span> <span class='ocrx_word' id='word_1_146' title='bbox 610 2685 773 2765; x_wconf 73' lang='lat' dir='ltr'>adversitate</span> <span class='ocrx_word' id='word_1_147' title='bbox 788 2690 911 2750; x_wconf 81' lang='lat' dir='ltr'>dolende.</span> 
     </span>
     <span class='ocr_line' id='line_1_25' title="bbox 123 2754 342 2817; baseline 0.027 -6"><span class='ocrx_word' id='word_1_148' title='bbox 123 2754 176 2814; x_wconf 84' lang='lat' dir='ltr'>Per</span> <span class='ocrx_word' id='word_1_149' title='bbox 187 2757 342 2817; x_wconf 82' lang='lat' dir='ltr'>Dominum.</span> 
     </span>
    </p>
   </div>
   <div class='ocr_carea' id='block_1_7' title="bbox 98 2851 943 5845">
    <p class='ocr_par' dir='ltr' id='par_1_7' title="bbox 345 2851 683 2919">
     <span class='ocr_line' id='line_1_26' title="bbox 345 2851 683 2919; baseline 0.036 -12"><span class='ocrx_word' id='word_1_150' title='bbox 345 2851 441 2911; x_wconf 77' lang='lat' dir='ltr'>LXlX.</span> <span class='ocrx_word' id='word_1_151' title='bbox 462 2856 683 2919; x_wconf 79' lang='lat' dir='ltr'>Poulcomnranio.</span> 
     </span>
    </p>

    <p class='ocr_par' dir='ltr' id='par_1_8' title="bbox 118 2941 943 3290">
     <span class='ocr_line' id='line_1_27' title="bbox 156 2941 910 3031; baseline 0.031 -35"><span class='ocrx_word' id='word_1_152' title='bbox 156 2941 289 3014; x_wconf 83' lang='lat' dir='ltr'>Deus,qui</span> <span class='ocrx_word' id='word_1_153' title='bbox 303 2960 351 3017; x_wconf 92' lang='lat' dir='ltr'>per</span> <span class='ocrx_word' id='word_1_154' title='bbox 362 2945 490 3007; x_wconf 90' lang='lat' dir='ltr'>llabacuc</span> <span class='ocrx_word' id='word_1_155' title='bbox 504 2954 663 3025; x_wconf 85' lang='lat' dir='ltr'>prophetam</span> <span class='ocrx_word' id='word_1_156' title='bbox 674 2956 817 3016; x_wconf 83' lang='lat' dir='ltr'>B.liaoieli</span> <span class='ocrx_word' id='word_1_157' title='bbox 829 2976 910 3031; x_wconf 82' lang='lat' dir='ltr'>pran-</span> 
     </span>
     <span class='ocr_line' id='line_1_28' title="bbox 119 3032 909 3123; baseline 0.03 -37"><span class='ocrx_word' id='word_1_158' title='bbox 119 3032 194 3087; x_wconf 87' lang='lat' dir='ltr'>dium</span> <span class='ocrx_word' id='word_1_159' title='bbox 209 3034 363 3104; x_wconf 89' lang='lat' dir='ltr'>destinasti,</span> <span class='ocrx_word' id='word_1_160' title='bbox 379 3036 437 3108; x_wconf 84' lang='lat' dir='ltr'>ipso</span> <span class='ocrx_word' id='word_1_161' title='bbox 451 3040 663 3112; x_wconf 87' lang='lat' dir='ltr'>interveniente,</span> <span class='ocrx_word' id='word_1_162' title='bbox 678 3051 795 3107; x_wconf 87' lang='lat' dir='ltr'>concede</span> <span class='ocrx_word' id='word_1_163' title='bbox 809 3059 838 3108; x_wconf 89' lang='lat' dir='ltr'>ut</span> <span class='ocrx_word' id='word_1_164' title='bbox 849 3066 909 3123; x_wconf 71' lang='lat' dir='ltr'>otto</span> 
     </span>
     <span class='ocr_line' id='line_1_29' title="bbox 118 3123 909 3203; baseline 0.024 -24"><span class='ocrx_word' id='word_1_165' title='bbox 118 3123 152 3179; x_wconf 84' lang='lat' dir='ltr'>de</span> <span class='ocrx_word' id='word_1_166' title='bbox 164 3124 269 3182; x_wconf 84' lang='lat' dir='ltr'>coelesti</span> <span class='ocrx_word' id='word_1_167' title='bbox 284 3142 377 3184; x_wconf 87' lang='lat' dir='ltr'>rocnsa</span> <span class='ocrx_word' id='word_1_168' title='bbox 390 3132 560 3203; x_wconf 88' lang='lat' dir='ltr'>percepimus</span> <span class='ocrx_word' id='word_1_169' title='bbox 580 3134 695 3194; x_wconf 87' lang='lat' dir='ltr'>sinceris</span> <span class='ocrx_word' id='word_1_170' title='bbox 710 3141 845 3198; x_wconf 90' lang='lat' dir='ltr'>mentibus</span> <span class='ocrx_word' id='word_1_171' title='bbox 859 3143 909 3199; x_wconf 86' lang='lat' dir='ltr'>illi·</span> 
     </span>
     <span class='ocr_line' id='line_1_30' title="bbox 118 3212 943 3290; baseline 0.027 -22"><span class='ocrx_word' id='word_1_172' title='bbox 118 3212 181 3269; x_wconf 88' lang='lat' dir='ltr'>bata</span> <span class='ocrx_word' id='word_1_173' title='bbox 201 3228 351 3274; x_wconf 78' lang='lat' dir='ltr'>servemus.</span> <span class='ocrx_word' id='word_1_174' title='bbox 367 3218 420 3275; x_wconf 88' lang='lat' dir='ltr'>Per</span> <span class='ocrx_word' id='word_1_175' title='bbox 435 3219 590 3281; x_wconf 82' lang='lat' dir='ltr'>Dominum.</span> <span class='ocrx_word' id='word_1_176' title='bbox 919 3229 943 3290; x_wconf 91' lang='lat' dir='ltr'>C</span> 
     </span>
    </p>

    <p class='ocr_par' dir='ltr' id='par_1_9' title="bbox 98 3307 899 5845">
     <span class='ocr_line' id='line_1_31' title="bbox 280 3307 745 3390; baseline 0.03 -27"><span class='ocrx_word' id='word_1_177' title='bbox 280 3307 361 3366; x_wconf 77' lang='lat' dir='ltr'>Lxx.</span> <span class='ocrx_word' id='word_1_178' title='bbox 382 3311 422 3368; x_wconf 83' lang='lat' dir='ltr'>Dc</span> <span class='ocrx_word' id='word_1_179' title='bbox 440 3312 471 3370; x_wconf 90' lang='lat' dir='ltr'>S.</span> <span class='ocrx_word' id='word_1_180' title='bbox 495 3314 599 3373; x_wconf 79' lang='lat' dir='ltr'>locunt</span> <span class='ocrx_word' id='word_1_181' title='bbox 615 3317 745 3390; x_wconf 76' lang='lat' dir='ltr'>capitul.</span> 
     </span>
     <span class='ocr_line' id='line_1_32' title="bbox 115 3393 777 3471; baseline 0.026 -20"><span class='ocrx_word' id='word_1_182' title='bbox 115 3393 220 3454; x_wconf 76' lang='lat' dir='ltr'>Praevia</span> <span class='ocrx_word' id='word_1_183' title='bbox 234 3408 360 3458; x_wconf 88' lang='lat' dir='ltr'>materno</span> <span class='ocrx_word' id='word_1_184' title='bbox 374 3404 493 3463; x_wconf 78' lang='lat' dir='ltr'>Verbum</span> <span class='ocrx_word' id='word_1_185' title='bbox 506 3423 558 3465; x_wconf 82' lang='lat' dir='ltr'>vox</span> <span class='ocrx_word' id='word_1_186' title='bbox 572 3410 657 3466; x_wconf 89' lang='lat' dir='ltr'>sentit</span> <span class='ocrx_word' id='word_1_187' title='bbox 667 3413 696 3467; x_wconf 94' lang='lat' dir='ltr'>in</span> <span class='ocrx_word' id='word_1_188' title='bbox 707 3414 777 3471; x_wconf 86' lang='lat' dir='ltr'>alvo.</span> 
     </span>
     <span class='ocr_line' id='line_1_33' title="bbox 274 3490 728 3573; baseline 0.031 -27"><span class='ocrx_word' id='word_1_189' title='bbox 274 3490 367 3550; x_wconf 80' lang='lat' dir='ltr'>txxt.</span> <span class='ocrx_word' id='word_1_190' title='bbox 386 3494 427 3551; x_wconf 87' lang='lat' dir='ltr'>De</span> <span class='ocrx_word' id='word_1_191' title='bbox 443 3496 475 3553; x_wconf 88' lang='lat' dir='ltr'>S.</span> <span class='ocrx_word' id='word_1_192' title='bbox 499 3496 577 3555; x_wconf 84' lang='lat' dir='ltr'>Petro</span> <span class='ocrx_word' id='word_1_193' title='bbox 601 3506 728 3573; x_wconf 84' lang='lat' dir='ltr'>apostolo.</span> 
     </span>
     <span class='ocr_line' id='line_1_34' title="bbox 112 3579 899 3669; baseline 0.028 -34"><span class='ocrx_word' id='word_1_194' title='bbox 112 3579 218 3649; x_wconf 82' lang='lat' dir='ltr'>Sperne</span> <span class='ocrx_word' id='word_1_195' title='bbox 238 3585 322 3641; x_wconf 89' lang='lat' dir='ltr'>maris</span> <span class='ocrx_word' id='word_1_196' title='bbox 342 3602 449 3658; x_wconf 87' lang='lat' dir='ltr'>navem,</span> <span class='ocrx_word' id='word_1_197' title='bbox 462 3590 534 3658; x_wconf 88' lang='lat' dir='ltr'>coeli,</span> <span class='ocrx_word' id='word_1_198' title='bbox 550 3591 639 3660; x_wconf 80' lang='lat' dir='ltr'>Petro,</span> <span class='ocrx_word' id='word_1_199' title='bbox 652 3596 759 3668; x_wconf 86' lang='lat' dir='ltr'>suscipe</span> <span class='ocrx_word' id='word_1_200' title='bbox 776 3598 899 3669; x_wconf 86' lang='lat' dir='ltr'>cluvem;</span> 
     </span>
     <span class='ocr_line' id='line_1_35' title="bbox 111 3670 834 3759; baseline 0.028 -33"><span class='ocrx_word' id='word_1_201' title='bbox 111 3670 254 3730; x_wconf 81' lang='lat' dir='ltr'>Fluctibus</span> <span class='ocrx_word' id='word_1_202' title='bbox 263 3683 292 3731; x_wconf 89' lang='lat' dir='ltr'>et</span> <span class='ocrx_word' id='word_1_203' title='bbox 301 3678 412 3748; x_wconf 90' lang='lat' dir='ltr'>spretis,</span> <span class='ocrx_word' id='word_1_204' title='bbox 426 3690 534 3752; x_wconf 88' lang='lat' dir='ltr'>portum</span> <span class='ocrx_word' id='word_1_205' title='bbox 546 3683 613 3740; x_wconf 91' lang='lat' dir='ltr'>mibi</span> <span class='ocrx_word' id='word_1_206' title='bbox 624 3686 706 3743; x_wconf 90' lang='lat' dir='ltr'>redde</span> <span class='ocrx_word' id='word_1_207' title='bbox 719 3687 834 3759; x_wconf 88' lang='lat' dir='ltr'>quietis,</span> 
     </span>
     <span class='ocr_line' id='line_1_36' title="bbox 208 3765 805 3849; baseline 0.025 -28"><span class='ocrx_word' id='word_1_208' title='bbox 208 3765 314 3824; x_wconf 76' lang='lat' dir='ltr'>tull.</span> <span class='ocrx_word' id='word_1_209' title='bbox 334 3769 373 3831; x_wconf 77' lang='lat' dir='ltr'>Dc</span> <span class='ocrx_word' id='word_1_210' title='bbox 389 3771 420 3829; x_wconf 79' lang='lat' dir='ltr'>S.</span> <span class='ocrx_word' id='word_1_211' title='bbox 442 3771 523 3831; x_wconf 84' lang='lat' dir='ltr'>Petro</span> <span class='ocrx_word' id='word_1_212' title='bbox 545 3776 664 3847; x_wconf 81' lang='lat' dir='ltr'>apostolo</span> <span class='ocrx_word' id='word_1_213' title='bbox 684 3779 805 3849; x_wconf 69' lang='lat' dir='ltr'>lucanus.</span> 
     </span>
     <span class='ocr_line' id='line_1_37' title="bbox 251 3859 521 3933; baseline 0.026 -18"><span class='ocrx_word' id='word_1_214' title='bbox 251 3859 369 3919; x_wconf 75' lang='lat' dir='ltr'>Senatus</span> <span class='ocrx_word' id='word_1_215' title='bbox 380 3865 521 3933; x_wconf 87' lang='lat' dir='ltr'>apostolici</span> 
     </span>
     <span class='ocr_line' id='line_1_38' title="bbox 215 3947 620 4024; baseline 0.025 -20"><span class='ocrx_word' id='word_1_216' title='bbox 215 3947 347 4024; x_wconf 76' lang='lat' dir='ltr'>Princeps</span> <span class='ocrx_word' id='word_1_217' title='bbox 357 3960 386 4008; x_wconf 89' lang='lat' dir='ltr'>ct</span> <span class='ocrx_word' id='word_1_218' title='bbox 396 3968 484 4024; x_wconf 84' lang='lat' dir='ltr'>praeco</span> <span class='ocrx_word' id='word_1_219' title='bbox 502 3956 620 4023; x_wconf 84' lang='lat' dir='ltr'>bontini,</span> 
     </span>
     <span class='ocr_line' id='line_1_39' title="bbox 216 4038 552 4117; baseline 0.021 -22"><span class='ocrx_word' id='word_1_220' title='bbox 216 4038 313 4098; x_wconf 85' lang='lat' dir='ltr'>Pastor</span> <span class='ocrx_word' id='word_1_221' title='bbox 324 4044 412 4113; x_wconf 90' lang='lat' dir='ltr'>prime</span> <span class='ocrx_word' id='word_1_222' title='bbox 422 4043 552 4117; x_wconf 79' lang='lat' dir='ltr'>bdelium,</span> 
     </span>
     <span class='ocr_line' id='line_1_40' title="bbox 211 4129 600 4205; baseline 0.015 -18"><span class='ocrx_word' id='word_1_223' title='bbox 211 4129 324 4188; x_wconf 82' lang='lat' dir='ltr'>Custodi</span> <span class='ocrx_word' id='word_1_224' title='bbox 337 4148 445 4205; x_wconf 72' lang='lat' dir='ltr'>gregem</span> <span class='ocrx_word' id='word_1_225' title='bbox 456 4136 600 4193; x_wconf 90' lang='lat' dir='ltr'>creditum.</span> 
     </span>
     <span class='ocr_line' id='line_1_41' title="bbox 247 4220 545 4295; baseline 0.023 -19"><span class='ocrx_word' id='word_1_226' title='bbox 247 4220 300 4277; x_wconf 83' lang='lat' dir='ltr'>Per</span> <span class='ocrx_word' id='word_1_227' title='bbox 312 4236 413 4295; x_wconf 85' lang='lat' dir='ltr'>pascua</span> <span class='ocrx_word' id='word_1_228' title='bbox 421 4225 545 4294; x_wconf 86' lang='lat' dir='ltr'>virentia,</span> 
     </span>
     <span class='ocr_line' id='line_1_42' title="bbox 211 4311 578 4390; baseline 0.027 -23"><span class='ocrx_word' id='word_1_229' title='bbox 211 4311 266 4370; x_wconf 83' lang='lat' dir='ltr'>Nos</span> <span class='ocrx_word' id='word_1_230' title='bbox 277 4316 353 4373; x_wconf 90' lang='lat' dir='ltr'>verbi</span> <span class='ocrx_word' id='word_1_231' title='bbox 371 4315 449 4390; x_wconf 74' lang='lat' dir='ltr'>fruge</span> <span class='ocrx_word' id='word_1_232' title='bbox 463 4334 554 4387; x_wconf 87' lang='lat' dir='ltr'>recrea</span> <span class='ocrx_word' id='word_1_233' title='bbox 571 4342 578 4376; x_wconf 79' lang='grc' dir='ltr'><strong><em>ε</em></strong></span> 
     </span>
     <span class='ocr_line' id='line_1_43' title="bbox 212 4403 542 4480; baseline 0.033 -23"><span class='ocrx_word' id='word_1_234' title='bbox 212 4403 337 4462; x_wconf 85' lang='lat' dir='ltr'>iielcctas</span> <span class='ocrx_word' id='word_1_235' title='bbox 350 4421 414 4475; x_wconf 79' lang='lat' dir='ltr'>oves</span> <span class='ocrx_word' id='word_1_236' title='bbox 426 4413 542 4480; x_wconf 71' lang='lat' dir='ltr'>previus</span> 
     </span>
     <span class='ocr_line' id='line_1_44' title="bbox 209 4493 566 4559; baseline 0.036 -12"><span class='ocrx_word' id='word_1_237' title='bbox 209 4493 300 4550; x_wconf 82' lang='lat' dir='ltr'>Cauiis</span> <span class='ocrx_word' id='word_1_238' title='bbox 315 4495 385 4553; x_wconf 89' lang='lat' dir='ltr'>inler</span> <span class='ocrx_word' id='word_1_239' title='bbox 400 4499 566 4559; x_wconf 72' lang='lat' dir='ltr'>coelestibus.</span> 
     </span>
     <span class='ocr_line' id='line_1_45' title="bbox 244 4584 578 4667; baseline 0.042 -28"><span class='ocrx_word' id='word_1_240' title='bbox 244 4584 374 4657; x_wconf 81' lang='lat' dir='ltr'>Supernae</span> <span class='ocrx_word' id='word_1_241' title='bbox 387 4590 477 4649; x_wconf 87' lang='lat' dir='ltr'>elavos</span> <span class='ocrx_word' id='word_1_242' title='bbox 487 4595 578 4667; x_wconf 64' lang='lat' dir='ltr'>januae</span> 
     </span>
     <span class='ocr_line' id='line_1_46' title="bbox 212 4675 599 4765; baseline 0.034 -34"><span class='ocrx_word' id='word_1_243' title='bbox 212 4675 285 4745; x_wconf 85' lang='lat' dir='ltr'>Tibi,</span> <span class='ocrx_word' id='word_1_244' title='bbox 297 4677 388 4748; x_wconf 80' lang='lat' dir='ltr'>Petro,</span> <span class='ocrx_word' id='word_1_245' title='bbox 403 4686 599 4765; x_wconf 80' lang='lat' dir='ltr'>sunttraditac,</span> 
     </span>
     <span class='ocr_line' id='line_1_47' title="bbox 208 4767 545 4847; baseline 0.033 -24"><span class='ocrx_word' id='word_1_246' title='bbox 208 4767 327 4841; x_wconf 78' lang='lat' dir='ltr'>&#39;luitque</span> <span class='ocrx_word' id='word_1_247' title='bbox 337 4781 432 4843; x_wconf 81' lang='lat' dir='ltr'>potem</span> <span class='ocrx_word' id='word_1_248' title='bbox 440 4774 545 4847; x_wconf 73' lang='lat' dir='ltr'>legibus</span> 
     </span>
     <span class='ocr_line' id='line_1_48' title="bbox 207 4857 579 4924; baseline 0.016 -8"><span class='ocrx_word' id='word_1_249' title='bbox 207 4857 327 4918; x_wconf 80' lang='lat' dir='ltr'>Terrena</span> <span class='ocrx_word' id='word_1_250' title='bbox 337 4878 399 4919; x_wconf 89' lang='lat' dir='ltr'>cum</span> <span class='ocrx_word' id='word_1_251' title='bbox 412 4864 579 4924; x_wconf 67' lang='lat' dir='ltr'>celestibus.</span> 
     </span>
     <span class='ocr_line' id='line_1_49' title="bbox 240 4948 574 5023; baseline 0.021 -17"><span class='ocrx_word' id='word_1_252' title='bbox 240 4948 280 5006; x_wconf 81' lang='lat' dir='ltr'>Tu</span> <span class='ocrx_word' id='word_1_253' title='bbox 295 4961 398 5022; x_wconf 86' lang='lat' dir='ltr'>petram</span> <span class='ocrx_word' id='word_1_254' title='bbox 413 4967 485 5012; x_wconf 81' lang='lat' dir='ltr'>rerre</span> <span class='ocrx_word' id='word_1_255' title='bbox 502 4955 574 5023; x_wconf 88' lang='lat' dir='ltr'>lidei,</span> 
     </span>
     <span class='ocr_line' id='line_1_50' title="bbox 133 5037 465 5101; baseline 0.018 -6"><span class='ocrx_word' id='word_1_256' title='bbox 133 5090 138 5095; x_wconf 88' lang='lat'>.</span> <span class='ocrx_word' id='word_1_257' title='bbox 209 5037 249 5097; x_wconf 81' lang='lat' dir='ltr'>Tu</span> <span class='ocrx_word' id='word_1_258' title='bbox 258 5041 346 5098; x_wconf 77' lang='lat' dir='ltr'>basina</span> <span class='ocrx_word' id='word_1_259' title='bbox 358 5042 465 5101; x_wconf 80' lang='lat' dir='ltr'>ndideii</span> 
     </span>
     <span class='ocr_line' id='line_1_51' title="bbox 207 5129 575 5205; baseline 0.027 -19"><span class='ocrx_word' id='word_1_260' title='bbox 207 5129 327 5198; x_wconf 84' lang='lat' dir='ltr'>l&#39;undas,</span> <span class='ocrx_word' id='word_1_261' title='bbox 338 5134 366 5189; x_wconf 93' lang='lat' dir='ltr'>in</span> <span class='ocrx_word' id='word_1_262' title='bbox 379 5149 432 5205; x_wconf 84' lang='lat' dir='ltr'>qua</span> <span class='ocrx_word' id='word_1_263' title='bbox 443 5136 575 5195; x_wconf 87' lang='lat' dir='ltr'>catholica</span> 
     </span>
     <span class='ocr_line' id='line_1_52' title="bbox 204 5219 512 5296; baseline 0.029 -21"><span class='ocrx_word' id='word_1_264' title='bbox 204 5219 270 5278; x_wconf 77' lang='lat' dir='ltr'>Fixa</span> <span class='ocrx_word' id='word_1_265' title='bbox 281 5225 369 5296; x_wconf 77' lang='lat' dir='ltr'>surgit</span> <span class='ocrx_word' id='word_1_266' title='bbox 381 5225 512 5285; x_wconf 79' lang='lat' dir='ltr'>Ecclesia.</span> 
     </span>
     <span class='ocr_line' id='line_1_53' title="bbox 238 5310 629 5391; baseline 0.018 -20"><span class='ocrx_word' id='word_1_267' title='bbox 238 5310 340 5371; x_wconf 83' lang='lat' dir='ltr'>Umbra</span> <span class='ocrx_word' id='word_1_268' title='bbox 351 5324 409 5383; x_wconf 92' lang='lat' dir='ltr'>toa,</span> <span class='ocrx_word' id='word_1_269' title='bbox 420 5317 483 5374; x_wconf 87' lang='lat' dir='ltr'>dum</span> <span class='ocrx_word' id='word_1_270' title='bbox 496 5321 629 5391; x_wconf 72' lang='lat' dir='ltr'>graderis,</span> 
     </span>
     <span class='ocr_line' id='line_1_54' title="bbox 202 5398 554 5479; baseline 0.026 -23"><span class='ocrx_word' id='word_1_271' title='bbox 202 5398 248 5457; x_wconf 74' lang='lat' dir='ltr'>to</span> <span class='ocrx_word' id='word_1_272' title='bbox 257 5404 390 5460; x_wconf 84' lang='lat' dir='ltr'>medicina</span> <span class='ocrx_word' id='word_1_273' title='bbox 406 5405 554 5479; x_wconf 71' lang='lat' dir='ltr'>languidis3</span> 
     </span>
     <span class='ocr_line' id='line_1_55' title="bbox 201 5490 526 5554; baseline 0.022 -7"><span class='ocrx_word' id='word_1_274' title='bbox 201 5490 339 5553; x_wconf 81' lang='lat' dir='ltr'>Textriois</span> <span class='ocrx_word' id='word_1_275' title='bbox 353 5510 401 5551; x_wconf 87' lang='lat' dir='ltr'>usu</span> <span class='ocrx_word' id='word_1_276' title='bbox 412 5498 526 5554; x_wconf 84' lang='lat' dir='ltr'>vestiunt</span> 
     </span>
     <span class='ocr_line' id='line_1_56' title="bbox 200 5581 596 5654; baseline 0.03 -15"><span class='ocrx_word' id='word_1_277' title='bbox 200 5581 310 5654; x_wconf 80' lang='lat' dir='ltr'>Sprevit</span> <span class='ocrx_word' id='word_1_278' title='bbox 323 5585 447 5645; x_wconf 81' lang='lat' dir='ltr'>&#39;labilban</span> <span class='ocrx_word' id='word_1_279' title='bbox 457 5590 596 5650; x_wconf 85' lang='lat' dir='ltr'>lerctrurn</span> 
     </span>
     <span class='ocr_line' id='line_1_57' title="bbox 239 5674 588 5752; baseline 0.02 -20"><span class='ocrx_word' id='word_1_280' title='bbox 239 5674 339 5733; x_wconf 85' lang='lat' dir='ltr'>Calena</span> <span class='ocrx_word' id='word_1_281' title='bbox 350 5677 468 5734; x_wconf 89' lang='lat' dir='ltr'>vinctum</span> <span class='ocrx_word' id='word_1_282' title='bbox 482 5684 588 5752; x_wconf 75' lang='lat' dir='ltr'>gemina</span> 
     </span>
     <span class='ocr_line' id='line_1_58' title="bbox 98 5765 527 5845; baseline 0.014 -24"><span class='ocrx_word' id='word_1_283' title='bbox 98 5836 104 5845; x_wconf 83' lang='lat'>.</span> <span class='ocrx_word' id='word_1_284' title='bbox 203 5765 296 5826; x_wconf 74' lang='lat' dir='ltr'>Virtus</span> <span class='ocrx_word' id='word_1_285' title='bbox 308 5767 389 5826; x_wconf 84' lang='lat' dir='ltr'>toltit</span> <span class='ocrx_word' id='word_1_286' title='bbox 397 5767 527 5840; x_wconf 66' lang='lat' dir='ltr'>angelica,</span> 
     </span>
    </p>
   </div>
   <div class='ocr_carea' id='block_1_8' title="bbox 1096 899 1637 1175">
    <p class='ocr_par' dir='ltr' id='par_1_10' title="bbox 1096 899 1637 1175">
     <span class='ocr_line' id='line_1_59' title="bbox 1100 899 1390 982; baseline 0.052 -26"><span class='ocrx_word' id='word_1_287' title='bbox 1100 899 1142 957; x_wconf 85' lang='lat' dir='ltr'>Sit</span> <span class='ocrx_word' id='word_1_288' title='bbox 1159 905 1302 979; x_wconf 84' lang='lat' dir='ltr'>utriusque</span> <span class='ocrx_word' id='word_1_289' title='bbox 1310 915 1390 982; x_wconf 87' lang='lat' dir='ltr'>parili</span> 
     </span>
     <span class='ocr_line' id='line_1_60' title="bbox 1096 988 1594 1075; baseline 0.066 -32"><span class='ocrx_word' id='word_1_290' title='bbox 1096 988 1224 1061; x_wconf 83' lang='lat' dir='ltr'>llajestas</span> <span class='ocrx_word' id='word_1_291' title='bbox 1239 1011 1345 1058; x_wconf 84' lang='lat' dir='ltr'>summa</span> <span class='ocrx_word' id='word_1_292' title='bbox 1354 1004 1482 1065; x_wconf 79' lang='lat' dir='ltr'>Flamini.</span> <span class='ocrx_word' id='word_1_293' title='bbox 1497 1011 1594 1075; x_wconf 76' lang='lat' dir='ltr'>Amen.</span> 
     </span>
     <span class='ocr_line' id='line_1_61' title="bbox 1148 1081 1637 1175; baseline 0.063 -37"><span class='ocrx_word' id='word_1_294' title='bbox 1148 1081 1326 1146; x_wconf 73' lang='lat' dir='ltr'>titutione</span> <span class='ocrx_word' id='word_1_295' title='bbox 1350 1092 1381 1149; x_wconf 85' lang='lat' dir='ltr'>S.</span> <span class='ocrx_word' id='word_1_296' title='bbox 1403 1095 1491 1158; x_wconf 77' lang='lat' dir='ltr'>Paulo</span> <span class='ocrx_word' id='word_1_297' title='bbox 1510 1110 1637 1175; x_wconf 81' lang='lat' dir='ltr'>apostole.</span> 
     </span>
    </p>
   </div>
   <div class='ocr_carea' id='block_1_9' title="bbox 989 1162 1738 1362">
    <p class='ocr_par' dir='ltr' id='par_1_11' title="bbox 989 1162 1738 1362">
     <span class='ocr_line' id='line_1_62' title="bbox 989 1162 1709 1259; baseline 0.057 -41"><span class='ocrx_word' id='word_1_298' title='bbox 989 1162 1122 1225; x_wconf 87' lang='lat' dir='ltr'>blellilluis</span> <span class='ocrx_word' id='word_1_299' title='bbox 1133 1186 1242 1232; x_wconf 87' lang='lat' dir='ltr'>ornnem</span> <span class='ocrx_word' id='word_1_300' title='bbox 1255 1178 1356 1239; x_wconf 87' lang='lat' dir='ltr'>Paulus</span> <span class='ocrx_word' id='word_1_301' title='bbox 1370 1186 1441 1254; x_wconf 68' lang='lat' dir='ltr'>rigat</span> <span class='ocrx_word' id='word_1_302' title='bbox 1451 1191 1585 1251; x_wconf 82' lang='lat' dir='ltr'>imbribus</span> <span class='ocrx_word' id='word_1_303' title='bbox 1601 1198 1709 1259; x_wconf 86' lang='lat' dir='ltr'>orbem.</span> 
     </span>
     <span class='ocr_line' id='line_1_63' title="bbox 1022 1255 1738 1362; baseline 0.061 -53"><span class='ocrx_word' id='word_1_304' title='bbox 1022 1255 1078 1329; x_wconf 72' lang='grc'>26</span> <span class='ocrx_word' id='word_1_305' title='bbox 1090 1257 1208 1319; x_wconf 77' lang='lat' dir='ltr'>LXXlV.</span> <span class='ocrx_word' id='word_1_306' title='bbox 1236 1266 1277 1322; x_wconf 76' lang='lat' dir='ltr'>lle</span> <span class='ocrx_word' id='word_1_307' title='bbox 1300 1269 1331 1326; x_wconf 85' lang='lat' dir='ltr'>S.</span> <span class='ocrx_word' id='word_1_308' title='bbox 1352 1270 1439 1332; x_wconf 79' lang='lat' dir='ltr'>Paulo</span> <span class='ocrx_word' id='word_1_309' title='bbox 1459 1287 1588 1350; x_wconf 78' lang='lat' dir='ltr'>sportolo.</span> <span class='ocrx_word' id='word_1_310' title='bbox 1607 1288 1738 1362; x_wconf 72' lang='lat' dir='ltr'>Hymnus.</span> 
     </span>
    </p>
   </div>
   <div class='ocr_carea' id='block_1_10' title="bbox 1062 1355 1537 1972">
    <p class='ocr_par' dir='ltr' id='par_1_12' title="bbox 1090 1355 1475 1606">
     <span class='ocr_line' id='line_1_64' title="bbox 1127 1355 1465 1441; baseline 0.047 -31"><span class='ocrx_word' id='word_1_311' title='bbox 1127 1355 1220 1425; x_wconf 86' lang='lat' dir='ltr'>Paulo,</span> <span class='ocrx_word' id='word_1_312' title='bbox 1238 1360 1334 1420; x_wconf 90' lang='lat' dir='ltr'>doctor</span> <span class='ocrx_word' id='word_1_313' title='bbox 1346 1371 1465 1441; x_wconf 71' lang='lat' dir='ltr'>egregie,</span> 
     </span>
     <span class='ocr_line' id='line_1_65' title="bbox 1092 1442 1465 1528; baseline 0.054 -30"><span class='ocrx_word' id='word_1_314' title='bbox 1092 1442 1168 1501; x_wconf 79' lang='lat' dir='ltr'>&#39;ruba</span> <span class='ocrx_word' id='word_1_315' title='bbox 1186 1448 1315 1524; x_wconf 69' lang='lat' dir='ltr'>clangens</span> <span class='ocrx_word' id='word_1_316' title='bbox 1328 1455 1465 1528; x_wconf 76' lang='lat' dir='ltr'>Ecclesia,</span> 
     </span>
     <span class='ocr_line' id='line_1_66' title="bbox 1090 1532 1475 1606; baseline 0.047 -18"><span class='ocrx_word' id='word_1_317' title='bbox 1090 1532 1181 1593; x_wconf 83' lang='lat' dir='ltr'>Nubes</span> <span class='ocrx_word' id='word_1_318' title='bbox 1193 1539 1289 1599; x_wconf 85' lang='lat' dir='ltr'>volans</span> <span class='ocrx_word' id='word_1_319' title='bbox 1301 1557 1334 1601; x_wconf 90' lang='lat' dir='ltr'>ac</span> <span class='ocrx_word' id='word_1_320' title='bbox 1346 1548 1475 1606; x_wconf 82' lang='lat' dir='ltr'>tonitrum</span> 
     </span>
    </p>

    <p class='ocr_par' dir='ltr' id='par_1_13' title="bbox 1062 1622 1537 1701">
     <span class='ocr_line' id='line_1_67' title="bbox 1062 1622 1537 1701; baseline 0.048 -24"><span class='ocrx_word' id='word_1_321' title='bbox 1062 1644 1070 1665; x_wconf 62' lang='grc' dir='ltr'><strong><em>ι</em></strong></span> <span class='ocrx_word' id='word_1_322' title='bbox 1088 1622 1142 1682; x_wconf 85' lang='lat' dir='ltr'>Per</span> <span class='ocrx_word' id='word_1_323' title='bbox 1155 1628 1274 1701; x_wconf 82' lang='lat' dir='ltr'>amplum</span> <span class='ocrx_word' id='word_1_324' title='bbox 1289 1637 1382 1693; x_wconf 86' lang='lat' dir='ltr'>mundi</span> <span class='ocrx_word' id='word_1_325' title='bbox 1394 1640 1537 1700; x_wconf 82' lang='lat' dir='ltr'>circulum.</span> 
     </span>
    </p>

    <p class='ocr_par' dir='ltr' id='par_1_14' title="bbox 1082 1711 1446 1972">
     <span class='ocr_line' id='line_1_68' title="bbox 1121 1711 1446 1787; baseline 0.049 -20"><span class='ocrx_word' id='word_1_326' title='bbox 1121 1711 1205 1772; x_wconf 85' lang='lat' dir='ltr'>Nobis</span> <span class='ocrx_word' id='word_1_327' title='bbox 1215 1728 1341 1787; x_wconf 85' lang='lat' dir='ltr'>potenter</span> <span class='ocrx_word' id='word_1_328' title='bbox 1352 1723 1446 1783; x_wconf 88' lang='lat' dir='ltr'>intona</span> 
     </span>
     <span class='ocr_line' id='line_1_69' title="bbox 1085 1799 1428 1886; baseline 0.05 -32"><span class='ocrx_word' id='word_1_329' title='bbox 1085 1799 1214 1873; x_wconf 80' lang='lat' dir='ltr'>litoraque</span> <span class='ocrx_word' id='word_1_330' title='bbox 1227 1809 1318 1865; x_wconf 87' lang='lat' dir='ltr'>cordis</span> <span class='ocrx_word' id='word_1_331' title='bbox 1330 1811 1428 1886; x_wconf 74' lang='lat' dir='ltr'>irriga3</span> 
     </span>
     <span class='ocr_line' id='line_1_70' title="bbox 1082 1888 1413 1972; baseline 0.048 -28"><span class='ocrx_word' id='word_1_332' title='bbox 1082 1888 1209 1951; x_wconf 86' lang='lat' dir='ltr'>Coelestis</span> <span class='ocrx_word' id='word_1_333' title='bbox 1219 1895 1305 1956; x_wconf 85' lang='lat' dir='ltr'>imbre</span> <span class='ocrx_word' id='word_1_334' title='bbox 1318 1905 1413 1972; x_wconf 73' lang='lat' dir='ltr'>gratiae</span> 
     </span>
    </p>
   </div>
   <div class='ocr_carea' id='block_1_11' title="bbox 982 1980 1451 2067">
    <p class='ocr_par' dir='ltr' id='par_1_15' title="bbox 982 1980 1451 2067">
     <span class='ocr_line' id='line_1_71' title="bbox 982 1980 1451 2067; baseline 0.047 -36"><span class='ocrx_word' id='word_1_335' title='bbox 982 2003 986 2009; x_wconf 87' lang='lat'><strong>·</strong></span> <span class='ocrx_word' id='word_1_336' title='bbox 1084 1980 1188 2041; x_wconf 83' lang='lat' dir='ltr'>blentcs</span> <span class='ocrx_word' id='word_1_337' title='bbox 1202 1987 1340 2067; x_wconf 74' lang='lat' dir='ltr'>virescant</span> <span class='ocrx_word' id='word_1_338' title='bbox 1358 1994 1451 2052; x_wconf 79' lang='lat' dir='ltr'>aridae.</span> 
     </span>
    </p>
   </div>
   <div class='ocr_carea' id='block_1_12' title="bbox 1039 2073 1595 5310">
    <p class='ocr_par' dir='ltr' id='par_1_16' title="bbox 1078 2073 1519 2334">
     <span class='ocr_line' id='line_1_72' title="bbox 1114 2073 1519 2159; baseline 0.044 -29"><span class='ocrx_word' id='word_1_339' title='bbox 1114 2073 1138 2131; x_wconf 87' lang='lat'>0</span> <span class='ocrx_word' id='word_1_340' title='bbox 1150 2091 1279 2149; x_wconf 77' lang='lat' dir='ltr'>magnum</span> <span class='ocrx_word' id='word_1_341' title='bbox 1291 2082 1367 2141; x_wconf 87' lang='lat' dir='ltr'>Pauli</span> <span class='ocrx_word' id='word_1_342' title='bbox 1381 2089 1519 2159; x_wconf 85' lang='lat' dir='ltr'>meritona,</span> 
     </span>
     <span class='ocr_line' id='line_1_73' title="bbox 1078 2161 1485 2246; baseline 0.042 -27"><span class='ocrx_word' id='word_1_343' title='bbox 1078 2161 1184 2221; x_wconf 76' lang='lat' dir='ltr'>Colum</span> <span class='ocrx_word' id='word_1_344' title='bbox 1195 2173 1353 2230; x_wconf 87' lang='lat' dir='ltr'>conscendit</span> <span class='ocrx_word' id='word_1_345' title='bbox 1367 2178 1485 2246; x_wconf 85' lang='lat' dir='ltr'>tertium,</span> 
     </span>
     <span class='ocr_line' id='line_1_74' title="bbox 1078 2253 1402 2334; baseline 0.049 -27"><span class='ocrx_word' id='word_1_346' title='bbox 1078 2253 1162 2310; x_wconf 82' lang='lat' dir='ltr'>dudit</span> <span class='ocrx_word' id='word_1_347' title='bbox 1177 2260 1259 2315; x_wconf 84' lang='lat' dir='ltr'>rerba</span> <span class='ocrx_word' id='word_1_348' title='bbox 1269 2266 1402 2334; x_wconf 76' lang='lat' dir='ltr'>mysterii,</span> 
     </span>
    </p>

    <p class='ocr_par' dir='ltr' id='par_1_17' title="bbox 1076 2342 1439 2429">
     <span class='ocr_line' id='line_1_75' title="bbox 1076 2342 1439 2429; baseline 0.044 -30"><span class='ocrx_word' id='word_1_349' title='bbox 1076 2342 1141 2411; x_wconf 80' lang='lat' dir='ltr'>Qore</span> <span class='ocrx_word' id='word_1_350' title='bbox 1154 2348 1236 2407; x_wconf 84' lang='lat' dir='ltr'>nullis</span> <span class='ocrx_word' id='word_1_351' title='bbox 1247 2355 1329 2411; x_wconf 85' lang='lat' dir='ltr'>audet</span> <span class='ocrx_word' id='word_1_352' title='bbox 1339 2357 1439 2429; x_wconf 86' lang='lat' dir='ltr'>eloqui.</span> 
     </span>
    </p>

    <p class='ocr_par' dir='ltr' id='par_1_18' title="bbox 1068 2435 1521 2785">
     <span class='ocr_line' id='line_1_76' title="bbox 1111 2435 1521 2522; baseline 0.046 -31"><span class='ocrx_word' id='word_1_353' title='bbox 1111 2435 1181 2494; x_wconf 84' lang='lat' dir='ltr'>llum</span> <span class='ocrx_word' id='word_1_354' title='bbox 1195 2439 1278 2498; x_wconf 80' lang='lat' dir='ltr'>Verbi</span> <span class='ocrx_word' id='word_1_355' title='bbox 1291 2449 1394 2518; x_wconf 72' lang='lat' dir='ltr'>spargit</span> <span class='ocrx_word' id='word_1_356' title='bbox 1406 2452 1521 2522; x_wconf 88' lang='lat' dir='ltr'>semina,</span> 
     </span>
     <span class='ocr_line' id='line_1_77' title="bbox 1077 2524 1431 2605; baseline 0.034 -23"><span class='ocrx_word' id='word_1_357' title='bbox 1077 2524 1161 2601; x_wconf 73' lang='lat' dir='ltr'>seps</span> <span class='ocrx_word' id='word_1_358' title='bbox 1174 2534 1262 2603; x_wconf 72' lang='lat' dir='ltr'>surgit</span> <span class='ocrx_word' id='word_1_359' title='bbox 1276 2537 1431 2605; x_wconf 87' lang='lat' dir='ltr'>uberrima;</span> 
     </span>
     <span class='ocr_line' id='line_1_78' title="bbox 1082 2614 1463 2692; baseline 0.047 -23"><span class='ocrx_word' id='word_1_360' title='bbox 1082 2614 1128 2671; x_wconf 89' lang='lat' dir='ltr'>Sic</span> <span class='ocrx_word' id='word_1_361' title='bbox 1140 2618 1202 2674; x_wconf 85' lang='lat' dir='ltr'>coeli</span> <span class='ocrx_word' id='word_1_362' title='bbox 1215 2623 1322 2692; x_wconf 87' lang='lat' dir='ltr'>replent</span> <span class='ocrx_word' id='word_1_363' title='bbox 1335 2625 1463 2685; x_wconf 82' lang='lat' dir='ltr'>borreum</span> 
     </span>
     <span class='ocr_line' id='line_1_79' title="bbox 1068 2698 1448 2785; baseline 0.042 -27"><span class='ocrx_word' id='word_1_364' title='bbox 1068 2698 1206 2763; x_wconf 82' lang='lat' dir='ltr'>lionoruun</span> <span class='ocrx_word' id='word_1_365' title='bbox 1220 2708 1313 2782; x_wconf 72' lang='lat' dir='ltr'>lrupes</span> <span class='ocrx_word' id='word_1_366' title='bbox 1324 2727 1448 2785; x_wconf 87' lang='lat' dir='ltr'>opernm.</span> 
     </span>
    </p>

    <p class='ocr_par' dir='ltr' id='par_1_19' title="bbox 1062 2794 1475 3145">
     <span class='ocr_line' id='line_1_80' title="bbox 1104 2794 1475 2880; baseline 0.035 -30"><span class='ocrx_word' id='word_1_367' title='bbox 1104 2794 1230 2856; x_wconf 86' lang='lat' dir='ltr'>blicantis</span> <span class='ocrx_word' id='word_1_368' title='bbox 1243 2816 1320 2861; x_wconf 86' lang='lat' dir='ltr'>more</span> <span class='ocrx_word' id='word_1_369' title='bbox 1332 2796 1475 2880; x_wconf 71' lang='lat' dir='ltr'>lampadis,</span> 
     </span>
     <span class='ocr_line' id='line_1_81' title="bbox 1068 2883 1422 2963; baseline 0.042 -26"><span class='ocrx_word' id='word_1_370' title='bbox 1068 2883 1210 2943; x_wconf 74' lang='lat' dir='ltr'>Perfundit</span> <span class='ocrx_word' id='word_1_371' title='bbox 1222 2890 1316 2949; x_wconf 85' lang='lat' dir='ltr'>orbem</span> <span class='ocrx_word' id='word_1_372' title='bbox 1329 2895 1422 2963; x_wconf 90' lang='lat' dir='ltr'>radiis,</span> 
     </span>
     <span class='ocr_line' id='line_1_82' title="bbox 1062 2972 1443 3057; baseline 0.037 -24"><span class='ocrx_word' id='word_1_373' title='bbox 1062 2972 1153 3048; x_wconf 63' lang='lat' dir='ltr'>Rogat</span> <span class='ocrx_word' id='word_1_374' title='bbox 1167 2993 1292 3038; x_wconf 89' lang='lat' dir='ltr'>errorum</span> <span class='ocrx_word' id='word_1_375' title='bbox 1307 2987 1443 3057; x_wconf 82' lang='lat' dir='ltr'>tenebras,</span> 
     </span>
     <span class='ocr_line' id='line_1_83' title="bbox 1067 3068 1409 3145; baseline 0.035 -20"><span class='ocrx_word' id='word_1_376' title='bbox 1067 3068 1104 3126; x_wconf 89' lang='lat' dir='ltr'>llt</span> <span class='ocrx_word' id='word_1_377' title='bbox 1116 3070 1173 3128; x_wconf 87' lang='lat' dir='ltr'>sola</span> <span class='ocrx_word' id='word_1_378' title='bbox 1191 3083 1286 3145; x_wconf 65' lang='lat' dir='ltr'>regnet</span> <span class='ocrx_word' id='word_1_379' title='bbox 1297 3078 1409 3137; x_wconf 74' lang='lat' dir='ltr'>serios</span> 
     </span>
    </p>

    <p class='ocr_par' dir='ltr' id='par_1_20' title="bbox 1064 3158 1497 3326">
     <span class='ocr_line' id='line_1_84' title="bbox 1101 3158 1497 3241; baseline 0.04 -26"><span class='ocrx_word' id='word_1_380' title='bbox 1101 3158 1143 3216; x_wconf 88' lang='lat' dir='ltr'>Sit</span> <span class='ocrx_word' id='word_1_381' title='bbox 1155 3161 1230 3219; x_wconf 85' lang='lat' dir='ltr'>Patri</span> <span class='ocrx_word' id='word_1_382' title='bbox 1248 3165 1308 3223; x_wconf 88' lang='lat' dir='ltr'>laus</span> <span class='ocrx_word' id='word_1_383' title='bbox 1321 3171 1452 3241; x_wconf 73' lang='lat' dir='ltr'>ingenito,</span> <span class='ocrx_word' id='word_1_384' title='bbox 1495 3196 1497 3201; x_wconf 95' lang='lat'>·</span> 
     </span>
     <span class='ocr_line' id='line_1_85' title="bbox 1064 3248 1374 3326; baseline 0.035 -22"><span class='ocrx_word' id='word_1_385' title='bbox 1064 3248 1107 3305; x_wconf 86' lang='lat' dir='ltr'>Sit</span> <span class='ocrx_word' id='word_1_386' title='bbox 1123 3251 1206 3307; x_wconf 88' lang='lat' dir='ltr'>decus</span> <span class='ocrx_word' id='word_1_387' title='bbox 1219 3252 1374 3326; x_wconf 66' lang='lat' dir='ltr'>Unigenito,</span> 
     </span>
    </p>

    <p class='ocr_par' dir='ltr' id='par_1_21' title="bbox 1039 3340 1595 3606">
     <span class='ocr_line' id='line_1_86' title="bbox 1064 3340 1359 3418; baseline 0.034 -23"><span class='ocrx_word' id='word_1_388' title='bbox 1064 3340 1108 3396; x_wconf 90' lang='lat' dir='ltr'>Sit</span> <span class='ocrx_word' id='word_1_389' title='bbox 1124 3343 1264 3415; x_wconf 80' lang='lat' dir='ltr'>utriusque</span> <span class='ocrx_word' id='word_1_390' title='bbox 1280 3349 1359 3418; x_wconf 88' lang='lat' dir='ltr'>parili</span> 
     </span>
     <span class='ocr_line' id='line_1_87' title="bbox 1062 3431 1562 3503; baseline 0.026 -17"><span class='ocrx_word' id='word_1_391' title='bbox 1062 3431 1191 3503; x_wconf 83' lang='lat' dir='ltr'>blajestas</span> <span class='ocrx_word' id='word_1_392' title='bbox 1204 3450 1310 3492; x_wconf 87' lang='lat' dir='ltr'>somma</span> <span class='ocrx_word' id='word_1_393' title='bbox 1324 3438 1448 3495; x_wconf 81' lang='lat' dir='ltr'>Flamini.</span> <span class='ocrx_word' id='word_1_394' title='bbox 1466 3456 1562 3500; x_wconf 80' lang='lat' dir='ltr'>nmen.</span> 
     </span>
     <span class='ocr_line' id='line_1_88' title="bbox 1039 3518 1595 3606; baseline 0.031 -32"><span class='ocrx_word' id='word_1_395' title='bbox 1039 3518 1147 3578; x_wconf 71' lang='lat' dir='ltr'>lxxv.</span> <span class='ocrx_word' id='word_1_396' title='bbox 1164 3522 1206 3579; x_wconf 72' lang='lat' dir='ltr'>Dr</span> <span class='ocrx_word' id='word_1_397' title='bbox 1220 3520 1250 3580; x_wconf 76' lang='lat'>8.</span> <span class='ocrx_word' id='word_1_398' title='bbox 1264 3529 1371 3584; x_wconf 74' lang='lat' dir='ltr'>Andron</span> <span class='ocrx_word' id='word_1_399' title='bbox 1383 3532 1511 3601; x_wconf 78' lang='lat' dir='ltr'>sportolo.</span> <span class='ocrx_word' id='word_1_400' title='bbox 1526 3533 1595 3606; x_wconf 68' lang='lat' dir='ltr'>llum</span> 
     </span>
    </p>

    <p class='ocr_par' dir='ltr' id='par_1_22' title="bbox 1058 3614 1503 3960">
     <span class='ocr_line' id='line_1_89' title="bbox 1093 3614 1444 3692; baseline 0.023 -21"><span class='ocrx_word' id='word_1_401' title='bbox 1093 3614 1224 3686; x_wconf 84' lang='lat' dir='ltr'>Captatur</span> <span class='ocrx_word' id='word_1_402' title='bbox 1239 3618 1303 3674; x_wconf 90' lang='lat' dir='ltr'>olim</span> <span class='ocrx_word' id='word_1_403' title='bbox 1317 3621 1444 3692; x_wconf 89' lang='lat' dir='ltr'>piscium,</span> 
     </span>
     <span class='ocr_line' id='line_1_90' title="bbox 1062 3701 1503 3781; baseline 0.032 -23"><span class='ocrx_word' id='word_1_404' title='bbox 1062 3701 1123 3761; x_wconf 86' lang='lat' dir='ltr'>lam</span> <span class='ocrx_word' id='word_1_405' title='bbox 1137 3722 1209 3764; x_wconf 89' lang='lat' dir='ltr'>nnnc</span> <span class='ocrx_word' id='word_1_406' title='bbox 1222 3710 1340 3781; x_wconf 88' lang='lat' dir='ltr'>piscator</span> <span class='ocrx_word' id='word_1_407' title='bbox 1353 3712 1503 3781; x_wconf 71' lang='lat' dir='ltr'>brimicium,</span> 
     </span>
     <span class='ocr_line' id='line_1_91' title="bbox 1058 3791 1362 3861; baseline 0.039 -15"><span class='ocrx_word' id='word_1_408' title='bbox 1058 3791 1362 3861; x_wconf 66' lang='lat' dir='ltr'>&#39;luisbndreanetibus</span> 
     </span>
     <span class='ocr_line' id='line_1_92' title="bbox 1060 3882 1438 3960; baseline 0.026 -21"><span class='ocrx_word' id='word_1_409' title='bbox 1060 3882 1154 3942; x_wconf 75' lang='lat' dir='ltr'>Mundi</span> <span class='ocrx_word' id='word_1_410' title='bbox 1165 3902 1216 3945; x_wconf 90' lang='lat' dir='ltr'>nus</span> <span class='ocrx_word' id='word_1_411' title='bbox 1227 3904 1293 3960; x_wconf 86' lang='lat' dir='ltr'>rape</span> <span class='ocrx_word' id='word_1_412' title='bbox 1304 3891 1438 3951; x_wconf 84' lang='lat' dir='ltr'>fluctibus.</span> 
     </span>
    </p>

    <p class='ocr_par' dir='ltr' id='par_1_23' title="bbox 1055 3975 1464 4231">
     <span class='ocr_line' id='line_1_93' title="bbox 1089 3975 1464 4055; baseline 0.029 -24"><span class='ocrx_word' id='word_1_413' title='bbox 1089 3975 1241 4035; x_wconf 79' lang='lat' dir='ltr'>Germanos</span> <span class='ocrx_word' id='word_1_414' title='bbox 1253 3979 1326 4038; x_wconf 88' lang='lat' dir='ltr'>Petri</span> <span class='ocrx_word' id='word_1_415' title='bbox 1340 3998 1464 4055; x_wconf 89' lang='lat' dir='ltr'>corpore,</span> 
     </span>
     <span class='ocr_line' id='line_1_94' title="bbox 1055 4063 1452 4140; baseline 0.028 -21"><span class='ocrx_word' id='word_1_416' title='bbox 1055 4063 1111 4120; x_wconf 81' lang='lat' dir='ltr'>Nec</span> <span class='ocrx_word' id='word_1_417' title='bbox 1126 4067 1222 4123; x_wconf 87' lang='lat' dir='ltr'>mortis</span> <span class='ocrx_word' id='word_1_418' title='bbox 1233 4068 1326 4140; x_wconf 88' lang='lat' dir='ltr'>dispar</span> <span class='ocrx_word' id='word_1_419' title='bbox 1339 4073 1452 4130; x_wconf 83' lang='lat' dir='ltr'>ordine:</span> 
     </span>
     <span class='ocr_line' id='line_1_95' title="bbox 1055 4153 1384 4231; baseline 0.024 -23"><span class='ocrx_word' id='word_1_420' title='bbox 1055 4153 1128 4221; x_wconf 80' lang='lat' dir='ltr'>Quos</span> <span class='ocrx_word' id='word_1_421' title='bbox 1140 4170 1194 4212; x_wconf 84' lang='lat' dir='ltr'>una</span> <span class='ocrx_word' id='word_1_422' title='bbox 1204 4172 1269 4216; x_wconf 81' lang='lat' dir='ltr'>cato</span> <span class='ocrx_word' id='word_1_423' title='bbox 1281 4162 1384 4231; x_wconf 69' lang='lat' dir='ltr'>genuit,</span> 
     </span>
    </p>

    <p class='ocr_par' dir='ltr' id='par_1_24' title="bbox 1046 4242 1543 5310">
     <span class='ocr_line' id='line_1_96' title="bbox 1053 4242 1434 4308; baseline 0.024 -9"><span class='ocrx_word' id='word_1_424' title='bbox 1053 4242 1127 4301; x_wconf 83' lang='lat' dir='ltr'>Crux</span> <span class='ocrx_word' id='word_1_425' title='bbox 1142 4246 1213 4305; x_wconf 82' lang='lat' dir='ltr'>coelo</span> <span class='ocrx_word' id='word_1_426' title='bbox 1226 4247 1325 4307; x_wconf 87' lang='lat' dir='ltr'>iratres</span> <span class='ocrx_word' id='word_1_427' title='bbox 1338 4252 1434 4308; x_wconf 90' lang='lat' dir='ltr'>edidit.</span> 
     </span>
     <span class='ocr_line' id='line_1_97' title="bbox 1086 4333 1433 4406; baseline 0.023 -16"><span class='ocrx_word' id='word_1_428' title='bbox 1086 4333 1110 4390; x_wconf 90' lang='lat'>0</span> <span class='ocrx_word' id='word_1_429' title='bbox 1126 4350 1237 4406; x_wconf 76' lang='lat' dir='ltr'>germen</span> <span class='ocrx_word' id='word_1_430' title='bbox 1252 4354 1318 4396; x_wconf 89' lang='lat' dir='ltr'>vere</span> <span class='ocrx_word' id='word_1_431' title='bbox 1330 4343 1433 4398; x_wconf 87' lang='lat' dir='ltr'>nobile!</span> 
     </span>
     <span class='ocr_line' id='line_1_98' title="bbox 1054 4418 1372 4499; baseline 0.025 -23"><span class='ocrx_word' id='word_1_432' title='bbox 1054 4418 1077 4476; x_wconf 91' lang='lat'>0</span> <span class='ocrx_word' id='word_1_433' title='bbox 1089 4437 1139 4492; x_wconf 84' lang='lat' dir='ltr'>par</span> <span class='ocrx_word' id='word_1_434' title='bbox 1151 4437 1253 4483; x_wconf 88' lang='lat' dir='ltr'>corona</span> <span class='ocrx_word' id='word_1_435' title='bbox 1265 4426 1372 4499; x_wconf 70' lang='lat' dir='ltr'>gloria!</span> 
     </span>
     <span class='ocr_line' id='line_1_99' title="bbox 1050 4506 1343 4589; baseline 0.024 -23"><span class='ocrx_word' id='word_1_436' title='bbox 1050 4506 1179 4568; x_wconf 82' lang='lat' dir='ltr'>Ecclesiae</span> <span class='ocrx_word' id='word_1_437' title='bbox 1192 4523 1283 4585; x_wconf 89' lang='lat' dir='ltr'>patres</span> <span class='ocrx_word' id='word_1_438' title='bbox 1294 4517 1343 4589; x_wconf 90' lang='lat' dir='ltr'>pii,</span> 
     </span>
     <span class='ocr_line' id='line_1_100' title="bbox 1049 4598 1543 4682; baseline 0.032 -29"><span class='ocrx_word' id='word_1_439' title='bbox 1049 4598 1144 4658; x_wconf 86' lang='lat' dir='ltr'>Crucis</span> <span class='ocrx_word' id='word_1_440' title='bbox 1157 4612 1221 4659; x_wconf 90' lang='lat' dir='ltr'>sunt</span> <span class='ocrx_word' id='word_1_441' title='bbox 1231 4620 1309 4676; x_wconf 79' lang='lat' dir='ltr'>reque</span> <span class='ocrx_word' id='word_1_442' title='bbox 1320 4608 1379 4663; x_wconf 83' lang='lat' dir='ltr'>lilii.</span> <span class='ocrx_word' id='word_1_443' title='bbox 1537 4672 1543 4682; x_wconf 68' lang='grc'><strong><em>,</em></strong></span> 
     </span>
     <span class='ocr_line' id='line_1_101' title="bbox 1084 4689 1517 4771; baseline 0.035 -27"><span class='ocrx_word' id='word_1_444' title='bbox 1084 4689 1125 4745; x_wconf 79' lang='lat' dir='ltr'>tt</span> <span class='ocrx_word' id='word_1_445' title='bbox 1133 4690 1228 4759; x_wconf 65' lang='lat' dir='ltr'>,lenm</span> <span class='ocrx_word' id='word_1_446' title='bbox 1242 4693 1321 4765; x_wconf 86' lang='lat' dir='ltr'>iratri</span> <span class='ocrx_word' id='word_1_447' title='bbox 1333 4698 1459 4768; x_wconf 74' lang='lat' dir='ltr'>previus,</span> <span class='ocrx_word' id='word_1_448' title='bbox 1510 4722 1517 4771; x_wconf 88' lang='grc'>;</span> 
     </span>
     <span class='ocr_line' id='line_1_102' title="bbox 1051 4780 1415 4859; baseline 0.027 -25"><span class='ocrx_word' id='word_1_449' title='bbox 1051 4780 1187 4851; x_wconf 81' lang='lat' dir='ltr'>indexque</span> <span class='ocrx_word' id='word_1_450' title='bbox 1198 4784 1261 4855; x_wconf 78' lang='lat' dir='ltr'>vita</span> <span class='ocrx_word' id='word_1_451' title='bbox 1271 4792 1415 4859; x_wconf 60' lang='lat' dir='ltr'>strenuus,</span> 
     </span>
     <span class='ocr_line' id='line_1_103' title="bbox 1047 4873 1364 4947; baseline 0.013 -19"><span class='ocrx_word' id='word_1_452' title='bbox 1047 4873 1082 4928; x_wconf 75' lang='lat' dir='ltr'>lit</span> <span class='ocrx_word' id='word_1_453' title='bbox 1094 4874 1173 4930; x_wconf 88' lang='lat' dir='ltr'>nobis</span> <span class='ocrx_word' id='word_1_454' title='bbox 1185 4878 1364 4947; x_wconf 84' lang='lat' dir='ltr'>estorniseris</span> 
     </span>
     <span class='ocr_line' id='line_1_104' title="bbox 1046 4961 1322 5041; baseline 0.014 -23"><span class='ocrx_word' id='word_1_455' title='bbox 1046 4961 1123 5019; x_wconf 85' lang='lat' dir='ltr'>Beati</span> <span class='ocrx_word' id='word_1_456' title='bbox 1140 4963 1194 5041; x_wconf 67' lang='lat' dir='ltr'>dos</span> <span class='ocrx_word' id='word_1_457' title='bbox 1207 4962 1322 5022; x_wconf 89' lang='lat' dir='ltr'>itineris.</span> 
     </span>
     <span class='ocr_line' id='line_1_105' title="bbox 1079 5055 1424 5133; baseline 0.02 -22"><span class='ocrx_word' id='word_1_458' title='bbox 1079 5055 1122 5112; x_wconf 78' lang='lat' dir='ltr'>Sit</span> <span class='ocrx_word' id='word_1_459' title='bbox 1134 5056 1208 5113; x_wconf 83' lang='lat' dir='ltr'>Patri</span> <span class='ocrx_word' id='word_1_460' title='bbox 1223 5058 1281 5115; x_wconf 90' lang='lat' dir='ltr'>laus</span> <span class='ocrx_word' id='word_1_461' title='bbox 1295 5059 1424 5133; x_wconf 70' lang='lat' dir='ltr'>ingenito,</span> 
     </span>
     <span class='ocr_line' id='line_1_106' title="bbox 1048 5144 1355 5220; baseline 0.02 -20"><span class='ocrx_word' id='word_1_462' title='bbox 1048 5144 1090 5201; x_wconf 87' lang='lat' dir='ltr'>Sit</span> <span class='ocrx_word' id='word_1_463' title='bbox 1104 5147 1187 5203; x_wconf 90' lang='lat' dir='ltr'>decus</span> <span class='ocrx_word' id='word_1_464' title='bbox 1201 5144 1355 5220; x_wconf 74' lang='lat' dir='ltr'>Uriigenito,</span> 
     </span>
     <span class='ocr_line' id='line_1_107' title="bbox 1048 5235 1337 5310; baseline 0.017 -19"><span class='ocrx_word' id='word_1_465' title='bbox 1048 5235 1091 5291; x_wconf 85' lang='lat' dir='ltr'>stu</span> <span class='ocrx_word' id='word_1_466' title='bbox 1103 5238 1245 5309; x_wconf 83' lang='lat' dir='ltr'>utriusque</span> <span class='ocrx_word' id='word_1_467' title='bbox 1258 5240 1337 5310; x_wconf 79' lang='lat' dir='ltr'>parili</span> 
     </span>
    </p>
   </div>
   <div class='ocr_carea' id='block_1_13' title="bbox 917 5326 1529 5394">
    <p class='ocr_par' dir='ltr' id='par_1_25' title="bbox 917 5326 1529 5394">
     <span class='ocr_line' id='line_1_108' title="bbox 917 5326 1529 5394; baseline 0.01 -13"><span class='ocrx_word' id='word_1_468' title='bbox 917 5362 920 5369; x_wconf 90' lang='lat'>-</span> <span class='ocrx_word' id='word_1_469' title='bbox 1041 5326 1169 5394; x_wconf 81' lang='lat' dir='ltr'>llaleslas</span> <span class='ocrx_word' id='word_1_470' title='bbox 1181 5343 1286 5385; x_wconf 87' lang='lat' dir='ltr'>somma</span> <span class='ocrx_word' id='word_1_471' title='bbox 1297 5330 1420 5386; x_wconf 80' lang='lat' dir='ltr'>Flamini.</span> <span class='ocrx_word' id='word_1_472' title='bbox 1433 5332 1529 5394; x_wconf 79' lang='lat' dir='ltr'>bosen.</span> 
     </span>
    </p>
   </div>
   <div class='ocr_carea' id='block_1_14' title="bbox 1039 5419 1478 5846">
    <p class='ocr_par' dir='ltr' id='par_1_26' title="bbox 1039 5419 1478 5846">
     <span class='ocr_line' id='line_1_109' title="bbox 1206 5419 1452 5497; baseline 0.016 -24"><span class='ocrx_word' id='word_1_473' title='bbox 1206 5419 1323 5497; x_wconf 80' lang='lat' dir='ltr'>bxxtt.</span> <span class='ocrx_word' id='word_1_474' title='bbox 1344 5420 1452 5476; x_wconf 79' lang='lat' dir='ltr'>Diuisio.</span> 
     </span>
     <span class='ocr_line' id='line_1_110' title="bbox 1074 5511 1421 5580; baseline 0.012 -13"><span class='ocrx_word' id='word_1_475' title='bbox 1074 5511 1194 5573; x_wconf 49' lang='lat' dir='ltr'>Andreae,</span> <span class='ocrx_word' id='word_1_476' title='bbox 1204 5511 1303 5568; x_wconf 86' lang='lat' dir='ltr'>lesturn</span> <span class='ocrx_word' id='word_1_477' title='bbox 1316 5513 1421 5580; x_wconf 88' lang='lat' dir='ltr'>colitur,</span> 
     </span>
     <span class='ocr_line' id='line_1_111' title="bbox 1040 5600 1357 5673; baseline 0.013 -19"><span class='ocrx_word' id='word_1_478' title='bbox 1040 5600 1099 5656; x_wconf 80' lang='lat' dir='ltr'>box</span> <span class='ocrx_word' id='word_1_479' title='bbox 1112 5601 1185 5658; x_wconf 84' lang='lat' dir='ltr'>clara</span> <span class='ocrx_word' id='word_1_480' title='bbox 1197 5604 1248 5673; x_wconf 89' lang='lat' dir='ltr'>piis</span> <span class='ocrx_word' id='word_1_481' title='bbox 1260 5605 1357 5671; x_wconf 85' lang='lat' dir='ltr'>oritur,</span> 
     </span>
     <span class='ocr_line' id='line_1_112' title="bbox 1039 5691 1478 5766; baseline 0.023 -20"><span class='ocrx_word' id='word_1_482' title='bbox 1039 5691 1093 5748; x_wconf 80' lang='lat' dir='ltr'>Per</span> <span class='ocrx_word' id='word_1_483' title='bbox 1105 5708 1186 5764; x_wconf 86' lang='lat' dir='ltr'>quern</span> <span class='ocrx_word' id='word_1_484' title='bbox 1201 5696 1326 5752; x_wconf 86' lang='lat' dir='ltr'>tenebras</span> <span class='ocrx_word' id='word_1_485' title='bbox 1339 5697 1478 5766; x_wconf 87' lang='lat' dir='ltr'>deserunt,</span> 
     </span>
     <span class='ocr_line' id='line_1_113' title="bbox 1042 5784 1433 5846; baseline 0.015 -7"><span class='ocrx_word' id='word_1_486' title='bbox 1042 5784 1082 5839; x_wconf 78' lang='lat' dir='ltr'>td</span> <span class='ocrx_word' id='word_1_487' title='bbox 1099 5801 1192 5841; x_wconf 84' lang='lat' dir='ltr'>rerunt</span> <span class='ocrx_word' id='word_1_488' title='bbox 1205 5786 1296 5845; x_wconf 86' lang='lat' dir='ltr'>lumen</span> <span class='ocrx_word' id='word_1_489' title='bbox 1310 5800 1433 5846; x_wconf 81' lang='lat' dir='ltr'>recount.</span> 
     </span>
    </p>
   </div>
   <div class='ocr_carea' id='block_1_15' title="bbox 0 0 2014 6192">
    <p class='ocr_par' dir='ltr' id='par_1_27' title="bbox 0 0 2014 6192">
     <span class='ocr_line' id='line_1_114' title="bbox 0 0 2014 6192; baseline 0 14"><span class='ocrx_word' id='word_1_490' title='bbox 0 0 2014 6192; x_wconf 95' lang='lat' dir='ltr'> </span> 
     </span>
    </p>
   </div>
  </div>
 </body>
</html>
