4017 6192
153 328 207 387 tte
600 364 607 371 ·
718 317 903 389 eleusino
921 330 1071 390 cadente
1091 329 1216 389 nisse.
1732 330 1799 398 888

152 439 295 517 [parteml
309 441 435 501 moolers
444 442 473 501 in
486 443 607 515 quincue
620 444 747 502 crucibus
755 445 874 518 quinque
884 445 939 516 pla·
954 448 1053 509 Arum
1066 445 1100 501 nd
1116 447 1214 505 stolam
1238 445 1345 514 carnis;
1365 454 1390 502 et
1403 439 1514 516 caiieer'rt
1535 447 1629 505 salutis
1643 460 1786 521 perpetue,

150 550 208 606 gas.
222 535 325 593 lieinde
339 543 561 610 pertrespartes
574 537 721 594 nomioicae
733 539 867 609 passionis
880 553 945 610 pro·
995 544 1128 609 quantum
1148 537 1182 593 ad
1196 536 1293 594 stolam
1317 537 1424 594 animae.
1445 536 1605 610 Supraque
1629 540 1787 611 propitiurs

149 626 285 696 sequitur,
308 626 380 682 sicut
394 629 591 698 subsequenter
608 643 642 686 ex
664 629 724 698 ipso
749 630 942 686 declarabitur.
994 630 1085 684 aerem
1099 628 1181 694 auito,
1194 628 1220 684 id
1233 637 1276 685 est
1287 637 1411 699 respectu
1435 627 1563 700 placabili
1578 628 1693 699 dipnerr‘r
1709 631 1787 701 respi

150 716 258 772 Ablrinc
272 717 354 788 igitur
368 732 453 788 usqne
470 718 534 774 dum
547 719 690 789 corporale
702 719 818 791 desuper
829 720 943 777 calicem
994 737 1069 786 ιω,-
1084 736 1138 777 non
1153 720 1225 791 quod
1238 719 1328 776 rullus
1351 719 1412 790 elus
1433 713 1555 777 mutetur
1569 720 1722 791 aliqnando,
1739 721 1789 777 ted

150 817 315 871 remoretur,
331 809 437 864 Domini
457 811 548 880 passio
570 822 808 869 commemoratur.
822 812 891 869 Nam
914 821 945 869 ut
996 818 1061 866 tuuc
1072 810 1144 868 liene
1156 810 1260 866 ruitum
1272 826 1351 868 sumn
1366 826 1449 882 super
1462 825 1512 867 nos
1529 810 1703 865 illuminator
1716 825 1790 866 sere·

151 898 220 953 dicit
247 900 388 962 sacerdos,
412 901 525 955 boetiam
546 918 652 973 purum,
673 902 788 958 boetiam
812 913 943 971 annerum,
994 913 1053 969 nat,
1069 918 1130 958 enm
1144 903 1357 960 misericordiam
1382 918 1460 959 suram
1474 918 1556 974 super
1568 918 1619 958 nos
1640 902 1751 959 exbibet
1762 913 1791 959 et

150 987 489 1057 leniuntinnnncsiutom,
509 1008 604 1061 punem
620 1002 740 1051 mactata
754 993 814 1048 odo
828 1002 943 1061 oetmnae,
994 994 1117 1052 declarat
1127 995 1195 1071 ild),
1209 996 1358 1052 secundum
1371 993 1438 1069 illud
1462 990 1717 1066 psalmi:iiiartrirtet
1731 992 1791 1050 earl-

150 1090 175 1134 et
190 1078 299 1134 culicem
309 1078 402 1134 solutis
417 1090 560 1151 perpetuo,
573 1098 656 1138 tenum
673 1083 763 1139 crucis
775 1083 944 1156 signaculum
995 1097 1052 1143 turn
1062 1103 1141 1143 ruam
1151 1105 1229 1159 saper
1239 1105 1287 1144 nos
1301 1097 1327 1143 et
1353 1070 1512 1142 ntiaereetrrr
1529 1066 1623 1142 codri
1643 1085 1727 1142 Sicuti
1741 1101 1790 1141 ae·

150 1170 317 1243 imprimitur
331 1186 412 1246 snper
434 1173 564 1242 oblatam,
588 1175 745 1248 significans
758 1176 803 1232 llla
829 1178 946 1237 virentis
996 1184 1070 1246 “il“
1085 1174 1180 1232 ΜΘΝ
1201 1176 1325 1247 didm
1351 1191 1379 1231 ⁶⁸
1399 1190 1509 1231 mm
1524 1173 1598 1240 ΛΜ,
1619 1182 1673 1230 010·
1686 1174 1792 1229 Adici·

151 1269 235 1333 petrae
249 1260 395 1329 loramina,
410 1262 438 1318 in
457 1265 556 1334 quibus
581 1266 684 1322 residet
709 1267 883 1325 immaculata
895 1284 946 1327 co-
977 1266 1070 1323 ·bium
1082 1266 1155 1323 istud
1168 1263 1248 1338 riperti
1262 1265 1468 1323 similitudinem
1480 1267 1580 1332 innuit,
1595 1280 1649 1322 non
1659 1263 1791 1337 exprimit

150 1347 243 1407 lumba
256 1349 394 1408 iruetuosc
408 1352 561 1410 nidificans.
584 1355 653 1412 'ires
673 1366 871 1416 autemeruces
881 1360 946 1417 iacit
995 1357 1191 1430 quantitatem
1207 1355 1294 1415 multo
1303 1357 1413 1429 quidem
1426 1355 1565 1429 acceptius
1584 1364 1627 1412 est
1638 1357 1691 1411 boc
1704 1353 1793 1411 sacri·

152 1442 255 1513 pariter
267 1457 350 1514 snper
361 1443 480 1500 oblatam
493 1455 521 1501 et
538 1445 663 1513 calicem,
676 1449 805 1521 qouniam
817 1450 845 1505 in
857 1450 945 1507 tribus
996 1448 1088 1505 licium
1101 1463 1183 1520 qoam
1196 1448 1269 1519 qnod
1281 1446 1380 1504 obtulit
1395 1446 1475 1515 Abel,
1486 1447 1637 1513 Abrabam,
1651 1444 1793 1502 llalcbite·

152 1534 247 1591 terbia
259 1536 356 1606 primis
369 1545 486 1607 utraque
499 1537 604 1609 species
617 1538 790 1611 irrtellipitun
806 1556 945 1612 nonquam
996 1540 1082 1607 decb;
1105 1540 1177 1596 ralet
1201 1539 1275 1595 cuim
1302 1554 1346 1596 res
1371 1537 1432 1610 pius
1453 1553 1535 1609 quam
1557 1538 1664 1604 umbra,
1688 1537 1792 1594 reritaa

152 1636 244 1683 antem
259 1627 287 1683 in
299 1627 391 1684 emcis
404 1628 545 1701 signaculo
555 1630 635 1700 panis
649 1641 793 1704 separatur
811 1648 827 1689 a
847 1632 944 1699 calice,
995 1646 1078 1703 quam
1094 1631 1189 1703 ilpuru.
1209 1628 1362 1687 Offeramus
1386 1644 1452 1701 ergo
1481 1630 1552 1686 sicut
1575 1628 1715 1700 Abel,qui
1743 1642 1793 1685 cor

156 1718 209 1777 nisi
223 1733 285 1774 eum
298 1719 445 1789 separatim
458 1721 626 1777 nommetur.
658 1716 661 1721 ’
997 1724 1196 1791 suumobtulit,
1210 1729 1239 1779 et
1253 1737 1284 1778 ee
1307 1729 1394 1778 totum
1409 1721 1465 1777 Deo
1485 1718 1616 1785 subdidit,
1629 1727 1658 1775 et
1679 1719 1741 1775 ideo
1753 1717 1794 1775 di-

82 1830 85 1835 ’
187 1810 217 1867 9.
236 1810 286 1867 llic
299 1813 390 1869 oritur
407 1828 460 1869 non
484 1813 671 1885 pretereunda
687 1814 795 1872 silentio
819 1815 943 1888 quatio,
958 1792 983 1855 Β
996 1815 1059 1871 cit:
1076 1814 1200 1885 Respexit
1221 1811 1295 1869 liene
1307 1813 1343 1869 ud
1368 1810 1431 1868 diei
1446 1811 1519 1868 etad
1540 1808 1794 1880 obtinuissem

71 1909 74 1913 ·
152 1901 461 1972 quaresoperbostiam
480 1902 650 1960 benedictam
665 1911 694 1960 et
705 1902 863 1975 plenissime
876 1920 945 1962 con·
995 1905 1072 1977 prius
1084 1904 1205 1976 respexit
1222 1903 1257 1960 ad
1281 1901 1348 1959 dbel
1369 1916 1451 1973 quam
1478 1901 1512 1957 ad
1531 1914 1655 1956 munera.
1678 1898 1792 1956 sacrib-

154 1998 290 2046 secretam
305 1991 395 2048 adbuc
420 1992 619 2049 benedictionis
638 1993 746 2066 sigorim
767 1995 947 2066 exprimitur?
995 1996 1069 2053 cium
1093 1992 1252 2061 oderamus,
1276 1992 1421 2049 arietinam
1451 1979 1630 2062 proterriam,
1655 1988 1793 2047 feritatem

154 2080 211 2138 lmo
224 2082 287 2137 tolia
310 2090 374 2138 sunt
392 2084 515 2153 qnondam
541 2082 684 2155 subiuncta
706 2087 734 2142 in
758 2101 947 2162 canonequae
996 2087 1142 2151 taurinam,
1157 2084 1346 2157 hircinamque
1370 2082 1511 2142 libidinem
1530 2082 1696 2155 jugulantes,
1713 2082 1792 2154 jersia

154 2173 281 2228 ridentur
295 2172 419 2239 innuere,
432 2176 505 2245 qnod
515 2176 635 2232 nondum
648 2177 685 2234 sit
697 2180 867 2236 consecratio
882 2195 949 2236 eon·
997 2176 1062 2235 illud
1076 2176 1173 2249 psalmi
1190 2192 1198 2231 ε
1216 2175 1380 2232 lloioeaertu
1393 2173 1538 2230 medullata
1549 2174 1660 2245 operam
1675 2173 1722 2229 tibi
1732 2188 1794 2228 enm

154 2275 300 2320 ruminata.
316 2263 346 2319 ln
371 2279 476 2321 moene
501 2267 634 2336 siquidem
652 2267 724 2324 aliud
748 2269 830 2325 rerba
843 2269 947 2342 signin·
997 2268 1234 2333 incensoorieturt,
1246 2268 1357 2337 operum
1379 2266 1426 2321 tibi
1440 2264 1515 2320 borres
1537 2280 1597 2319 rem
1615 2263 1794 2320 beneisson·

154 2363 230 2421 caut,
244 2355 317 2411 aliud
340 2356 418 2428 signu
444 2360 609 2427 portendunt
632 2359 701 2432 (ti).
719 2360 809 2417 Verba
830 2377 949 2434 namque
997 2369 1068 2415 rtem
1082 2356 1601 2428 sarificium,immaculutamioatiam.
1617 2354 1674 2412 lioc
1689 2356 1795 2412 addidit

154 2445 341 2518 principaliter
362 2455 486 2519 spectant
502 2449 535 2504 ad
559 2449 756 2507 Errcborisriam
782 2467 948 2511 cmrsccran·
997 2449 1307 2521 incanoneleopapa.

155 2537 229 2601 dane
245 2537 398 2608 signavero
412 2538 597 2609 principaliter
609 2542 747 2610 pertinent
760 2542 794 2599 ad
807 2543 948 2600 historiam
1034 2541 1079 2597 ll.
1100 2539 1236 2612 Supplices
1249 2548 1274 2596 te
1288 2556 1421 2611 emantur.
1438 2536 1504 2596 Post
1517 2552 1625 2595 ctenam
1637 2535 1700 2593 coiit
1711 2534 1792 2592 deser

155 2623 339 2682 recolendam.
355 2624 413 2682 linc
426 2627 574 2697 capitulum
590 2629 637 2699 ptri
653 2628 738 2700 pridie
755 2640 950 2703 puemprtere·
999 2634 1030 2689 in
1048 2642 1163 2688 montem
1179 2630 1290 2698 oliveti,
1305 2640 1331 2687 et
1361 2647 1515 2703 properentis
1533 2628 1660 2701 parilium
1678 2629 1794 2699 procidit

155 2717 238 2774 turin
252 2716 307 2775 line
316 2720 430 2776 canonis
442 2720 539 2791 subjici
563 2722 712 2788 debuisset,
729 2723 860 2797 quoniam
874 2724 902 2780 io
916 2737 950 2782 eo
1000 2726 1030 2782 ir
1052 2726 1148 2795 suebat
1169 2740 1246 2780 ream
1271 2739 1361 2779 ornae.
1386 2722 1450 2778 ldco
1467 2721 1596 2777 sacerdos
1613 2718 1748 2776 inclinans
1764 2733 1795 2776 se

156 2809 328 2865 enumeratio
340 2818 562 2877 consummatum
575 2811 623 2865 sed
647 2811 951 2883 quorriamimpedistet
1000 2824 1073 2873 orat.
1090 2814 1167 2872 Tunc
1182 2815 1299 2872 accessit
1318 2813 1434 2869 traditor
1451 2823 1475 2868 et
1503 2811 1638 2868 oresium
1655 2819 1693 2867 ert
1711 2825 1792 2877 eam:

158 2897 284 2954 ordinem
297 2899 429 2966 historiae,
444 2899 523 2970 qnasi
549 2899 666 2970 quadam
688 2900 851 2957 nemorosa
874 2914 951 2957 com·
1001 2909 1074 2981 qnod
1088 2913 1267 2980 representat
1280 2904 1409 2962 sacerdos
1425 2920 1475 2977 per
1488 2903 1613 2962 osculum
1632 2902 1736 2958 altario.
1756 2900 1793 2958 m

155 2989 252 3062 ΡΜ
261 2991 410 3065 eili25¹¹¹¹¹¹¹¹¹
424 2991 488 3048 illud
502 2992 579 3063 (dliii
599 3007 647 3048 ⁰⁰¹
660 2993 783 3059 (edwii,
798 2994 835 3050 ii!
852 2992 883 3050 to·
894 3007 952 3049 1¹¹0·
1001 3001 1065 3075 quia
1083 2999 1164 3057 lesos
1180 2999 1269 3070 [urias
1285 2998 1314 3055 in
1329 2998 1428 3070 apertio
1445 2997 1576 3070 proiixior
1590 2998 1699 3064 orator,
1716 2996 1794 3052 tertie
1851 3031 1856 3039 ·

157 3083 203 3140 dio
213 3083 369 3153 collocarit,
380 3094 410 3140 ut
420 3100 478 3156 qrrae
488 3095 639 3156 sequrmtur
653 3085 838 3157 intelligantur
849 3100 952 3157 praeoe-
1001 3091 1091 3147 dieene
1104 3090 1225 3145 eamdem
1237 3084 1404 3145 sermonem:
1423 3084 1637 3143 sacerdos'lacit
1656 3094 1712 3142 tres
1728 3100 1794 3142 crn-

158 3175 235 3240 dere,
248 3175 397 3233 secundum
411 3176 484 3244 illpm
511 3176 623 3248 ligurum
635 3193 686 3246 uua
700 3192 771 3248 saepe
791 3177 831 3243 lit,
848 3186 879 3234 ut
889 3192 950 3248 epum
1002 3196 1060 3248 ces,
1083 3181 1200 3252 primam
1224 3189 1252 3236 et
1266 3177 1413 3235 secundam
1426 3177 1556 3234 distincte
1574 3192 1658 3249 super
1674 3176 1793 3233 obnnm

158 3271 267 3325 ratione
280 3270 429 3327 succedunt
442 3271 580 3327 intellectu
603 3270 768 3341 precedant.
784 3270 832 3326 Vel
849 3272 949 3343 potins,
1001 3281 1030 3329 et
1049 3270 1164 3328 calicem
1184 3271 1299 3326 dicens:
1320 3268 1490 3339 Sacrificium
1508 3266 1575 3322 Filii
1594 3269 1633 3323 tsi
1652 3283 1748 3338 corpas
1765 3273 1793 3323 tt

158 3370 188 3417 nt
203 3371 257 3416 tarn
273 3361 371 3418 litterae
394 3377 477 3433 quiam
501 3363 621 3418 lristoriae
635 3376 701 3417 sirus
725 3363 791 3418 ordo
815 3370 949 3427 serretur,
1001 3365 1156 3437 nequirem
1168 3358 1357 3432 sumpserimus
1369 3377 1379 3426 ,·
1393 3360 1501 3416 tertiam
1514 3374 1544 3415 se
1557 3358 1646 3429 ipsum
1660 3354 1793 3426 signando

158 3451 267 3509 dicatur
277 3454 348 3524 qnod
363 3453 439 3525 signa
454 3454 590 3524 pertinent
604 3455 639 3509 ad
662 3453 804 3509 historiam
833 3452 952 3509 recolere
1002 3456 1030 3513 in
1042 3454 1110 3511 lacie
1118 3468 1179 3509 nrm
1193 3449 1546 3508 dicitzdmniienedietione
1559 3447 1656 3503 caleni
1669 3456 1694 3503 et
1708 3447 1795 3518 pratia

158 3545 233 3613 dam,
248 3547 329 3602 rerba
345 3547 379 3602 ad
394 3555 551 3607 consecrata
572 3547 624 3604 boo
636 3548 731 3611 modo:
744 3563 794 3604 nos
808 3547 846 3602 tui
858 3545 950 3618 primi,
1003 3544 1160 3617 repleamur.
1182 3540 1252 3610 Quia
1269 3541 1356 3612 {udus
1379 3549 1417 3595 ert
1439 3540 1524 3596 sudor
1544 3538 1603 3610 ejus
1624 3537 1796 3607 sicutipsttn

159 3639 285 3695 uidelicet
298 3641 465 3706 sacerdotes,
481 3641 528 3696 sed
541 3651 569 3697 et
583 3639 659 3712 plebs
671 3649 717 3696 toa
729 3646 834 3706 sancta,
847 3638 951 3695 scilicet
1002 3637 1143 3709 aanpsiais
1161 3634 1326 3691 decurrentia
1342 3635 1499 3696 interrant,
1525 3630 1596 3686 lorto
1619 3637 1731 3699 propter
1747 3642 1795 3683 su·

161 3729 476 3801 popoluscnristtonus;
491 3746 555 3786 rrum
577 3729 691 3802 populus
705 3730 952 3802 epitrotmsacer·
1004 3729 1099 3786 dorem
1125 3725 1249 3798 eorporis
1273 3739 1383 3782 crucem
1410 3721 1544 3795 imprimit
1567 3734 1652 3792 super
1675 3732 1796 3790 corpus,

160 3824 238 3878 dotes
248 3834 379 3894 porrigunt
395 3824 534 3895 mysterio.
1002 3828 1117 3892 propter
1140 3828 1232 3890 guttas
1257 3814 1398 3888 sanguinis
1424 3828 1534 3870 erucem
1559 3810 1691 3883 imprimit
1713 3824 1797 3881 super

196 3913 240 3969 to.
262 3912 403 3983 opernm
416 3917 552 3986 precone
569 3918 702 3988 majestati
721 3927 787 3984 rue,
802 3918 829 3973 ro
844 3924 953 3989 utpra
1004 3911 1186 3982 murrinam
1211 3908 1275 3980 cuia
1292 3906 1411 3979 procidit
1427 3905 1456 3961 in
1475 3903 1591 3970 caerem,
1608 3917 1718 3959 croceo
1743 3901 1797 3956 rn-

160 4005 268 4062 cereris
281 4005 376 4073 viarm
397 4023 460 4080 naor
485 4007 508 4063 si
527 4009 597 4079 iusti
616 4009 751 4080 putuerunt
780 4008 848 4063 sieut
871 4007 912 4062 rol
925 4008 953 4062 in
1004 4000 1100 4074 primit
1117 4001 1144 4056 in
1162 3998 1271 4055 faciemr
1287 3995 1337 4052 Vel
1359 4010 1409 4067 per
1424 3996 1494 4051 duas
1510 4006 1608 4049 cruces
1628 4005 1698 4061 unas
1726 3986 1794 4045 iacit

162 4112 242 4166 repes
262 4097 362 4163 naim,
379 4108 480 4166 priamo
495 4099 597 4155 erarius
616 4100 708 4155 divom
731 4100 861 4172 marnes
885 4113 955 4171 pre·
1004 4090 1137 4147 sacerdo
1158 4103 1241 4159 super
1262 4102 1362 4158 comus
1376 4095 1405 4142 ει
1418 4085 1599 4154 ermonem,
1620 4081 1799 4151 connector

38 4202 43 4211 ·
162 4183 262 4257 irriget!
278 4186 316 4241 ile
335 4190 388 4242 tuis
409 4188 502 4251 donis,
515 4189 542 4246 id
567 4197 609 4246 est
624 4189 659 4245 de
673 4188 806 4245 lmetibus
819 4197 952 4261 segetum,
1005 4182 1115 4239 rincula
1141 4189 1170 4237 et
1196 4176 1319 4251 dapella,
1346 4175 1447 4246 quibus
1469 4172 1577 4229 elicitos
1600 4181 1644 4227 est
1667 4167 1796 4239 sanguis,

162 4285 294 4347 qrrantum
309 4278 343 4332 ad
367 4293 463 4347 panem
477 4280 525 4349 qui
536 4288 579 4336 est
596 4290 772 4336 consecratus
791 4280 954 4336 incarncmt
1004 4271 1085 4342 curlus
1097 4270 1184 4326 livore
1197 4267 1285 4325 sanati
1301 4281 1416 4333 somus;
1430 4279 1481 4336 per
1499 4276 1610 4319 cmeem
1629 4274 1712 4330 quam
1732 4256 1798 4314 lacit

162 4366 201 4420 de
211 4366 294 4433 duris,
306 4369 332 4422 id
345 4377 388 4423 cst
405 4369 440 4425 de
465 4368 598 4427 lrurtilnr's
623 4371 761 4434 arborum,
775 4380 907 4441 qnantum
920 4371 954 4428 ad
1005 4363 1058 4420 sibi
1083 4362 1111 4419 in
1133 4361 1220 4428 facie,
1239 4357 1372 4416 recolitur
1391 4354 1457 4413 iilud
1478 4352 1551 4426 quod
1573 4349 1743 4421 exspuebant
1766 4347 1795 4405 in

162 4457 256 4512 rituum
272 4460 344 4529 qrrod
357 4470 398 4515 est
407 4472 594 4517 consecratum
608 4462 638 4517 in
652 4462 822 4533 sanguinem.
834 4462 873 4518 lic
882 4462 953 4528 istis,
969 4455 1106 4553 „faeiem
1127 4453 1201 4524 ejus,
1224 4461 1254 4510 et
1274 4450 1380 4524 palmas
1399 4449 1428 4506 in
1452 4447 1552 4504 inciem
1565 4445 1668 4501 dabant
1681 4451 1709 4500 et
1722 4441 1797 4499 rela-

163 4546 286 4617 hl‘ilfflm.
296 4557 325 4603 ct
336 4548 370 4604 de
381 4549 434 4605 illis
446 4551 580 4621 offerimus
592 4554 705 4609 noreiam
718 4563 822 4626 perum,
842 4553 954 4609 boetium
1006 4548 1073 4606 bont
1088 4545 1195 4602 iaciem.
1715 4590 1718 4597 a

164 4650 296 4707 martura,
311 4640 425 4697 doarium
436 4641 646 4709 immaculatam,
661 4644 688 4703 id
702 4651 744 4699 est
756 4643 954 4700 Eucharistiam
1043 4638 1089 4694 ll.
1109 4636 1180 4691 iube
1198 4635 1255 4690 bne
1272 4630 1394 4704 perferri.
1411 4627 1505 4684 'lantso
1522 4633 1586 4681 sunt
1604 4621 1797 4694 prolonditatis

164 4732 313 4787 immunem
328 4733 362 4788 ab
376 4734 449 4791 omni
491 4734 570 4804 eulpa
591 4734 727 4806 originali.
744 4733 844 4790 veniali
860 4743 887 4791 et
898 4734 955 4790 cri·
1014 4728 1073 4783 bac
1088 4724 1171 4781 rerba
1185 4732 1214 4778 nt
1229 4720 1384 4777 intellectus
1399 4718 1535 4773 bemanus
1554 4713 1598 4766 rix
1617 4709 1734 4766 solliciat
1752 4724 1801 4781 pe·

164 4822 274 4888 minoll;
289 4822 440 4894 tolpnram
462 4834 595 4895 quantum
610 4825 643 4879 ad
669 4822 870 4893 cogitationem,
893 4801 956 4877 son:
1008 4827 1137 4879 netrare3
1163 4829 1226 4869 narn
1250 4821 1278 4868 et
1301 4813 1397 4866 beatus
1419 4805 1584 4876 Gregorius,
1609 4801 1675 4902 tcoti
1699 4801 1797 4902 seopeli

165 4914 955 4987 etarnquuntumadlocutioncm‚immaculutamquantmn
1009 4907 1146 4975 interpres
1163 4902 1236 4972 (le),
1261 4900 1295 4954 de
1317 4899 1391 4958 bora,
1406 4891 1600 4951 immolationis
1626 4887 1799 4992 tnelinbdrter

166 5003 201 5058 ad
214 5006 411 5074 operationem,
433 5007 496 5076 qrria
523 5015 658 5074 pereunun
682 5022 734 5060 non
759 5006 832 5074 iecit,
847 5021 893 5059 uec
915 5005 958 5058 in·
1009 4999 1145 5069 loquens:
1169 4992 1254 5061 Quis,
1280 4990 1405 5060 inquam,
1429 4984 1548 5040 bdelium
1568 4981 1670 5037 babere
1685 4980 1797 5035 dnbrum

166 5104 258 5150 rentur
269 5106 306 5151 eet
321 5096 398 5151 dolas
409 5099 437 5152 in
453 5115 497 5152 ore
507 5098 574 5167 eires.
594 5096 651 5152 lloc
667 5105 709 5151 ost
722 5112 816 5165 ponem
827 5108 958 5160 eorrcrnm,
1009 5091 1096 5162 possit
1111 5089 1137 5143 in
1153 5088 1211 5157 ipsa
1233 5080 1424 5139 immolationis
1438 5079 1506 5135 bora
1525 5077 1559 5132 ad
1578 5073 1728 5132 sacerdotis
1751 5087 1801 5127 ro·

165 5186 194 5245 td
213 5195 256 5243 eat
271 5184 497 5253 sabctidcantem‚
515 5188 637 5243 dotorem
662 5188 721 5242 citur
742 5196 857 5249 nternoe,
873 5201 959 5255 quon-
1009 5196 1069 5236 cem
1084 5178 1170 5235 coelos
1184 5173 1303 5248 aperiri,
1318 5174 1346 5229 in
1360 5171 1407 5229 iilo
1424 5169 1554 5243 nrystcrio
1569 5168 1669 5223 eboros
1684 5161 1796 5234 angelo·

203 5382 261 5453 (ii)
280 5382 361 5449 dod,
384 5383 440 5438 ulio
452 5383 529 5439 uerbo
552 5380 714 5453 eipnifiennr,
729 5379 784 5434 ulio
806 5377 883 5434 oeric
898 5394 961 5450 pro-
1011 5376 1054 5430 nis
1065 5373 1165 5435 misse,
1190 5369 1289 5452 soeculo
1308 5384 1343 5422 rr
1366 5365 1437 5446 lypis
1451 5363 1624 5446 ¹impressus,
1637 5371 1719 5439 poem
1740 5355 1799 5426 lego

166 5453 287 5508 tendunt.
1011 5446 1038 5500 io
1054 5443 1147 5498 codice
1160 5442 1284 5496 Palatino
1299 5438 1361 5492 lidi.
1390 5434 1504 5489 llrssrdet
1523 5445 1588 5486 uero
1602 5428 1702 5498 ubique
1713 5441 1798 5508 erpo·

204 5523 260 5594 lid)
279 5523 330 5581 llic
343 5525 372 5580 S.
388 5523 485 5581 Petrus
507 5524 566 5578 sine
587 5521 670 5577 dubio
689 5519 799 5590 respicit
825 5517 859 5573 nd
886 5516 959 5571 Flnri
1011 5515 1073 5570 sitio
1084 5512 1213 5571 Cononis,
1228 5518 1337 5564 auctore
1351 5498 1444 5562 Orione
1462 5498 1663 5562 cameracensi,
1674 5513 1734 5567 quer
1749 5510 1801 5550 rm·

168 5594 275 5649 diaconi
309 5596 505 5666 expositionem
541 5593 662 5649 carrociis.
701 5588 806 5645 videsis
832 5586 959 5642 biblintb.
1012 5598 1105 5656 pressa
1123 5582 1221 5662 legitor
1231 5577 1296 5634 bibl.
1311 5576 1395 5659 praed.
1411 5582 1478 5627 tont.
1495 5569 1568 5625 xxi.

158 5663 222 5718 'PR
236 5662 371 5737 longono..
389 5675 455 5721 torn.
475 5664 535 5728 lli,
549 5678 576 5732 p.
589 5663 633 5716 il.
655 5660 688 5718 G.
710 5659 835 5715 Vicissim
850 5657 960 5711 Petrina
1048 5652 1106 5724 (le)
1132 5652 1181 5706 llre
1198 5664 1305 5720 utroque
1322 5654 1444 5702 torreatur
1459 5640 1570 5698 riorum
1587 5638 1694 5704 Petrus,
1711 5643 1740 5691 et
1757 5633 1802 5689 ln·

170 5734 223 5791 lton
242 5734 301 5791 locu
314 5737 434 5791 inuitatus
449 5733 556 5789 ridetur
566 5734 700 5803 interpres
715 5743 866 5803 arronpnus
879 5742 961 5782 cuno·
1013 5724 1118 5780 terdunr
1132 5719 1207 5777 alibi.
