4017 6192
28 265 29 340 q
92 253 130 318 ut
486 250 612 319 oeusc.
632 257 737 320 xxm.
758 261 859 322 -nu
879 259 957 322 vuar
976 233 1398 327 *casuru'ncciasmsh
1552 239 1575 328 1
1637 339 1645 350 ,
1763 269 1817 335 ars

28 359 29 444 l
91 381 188 456 quires
209 380 257 440 vel
278 381 404 441 honores
427 379 564 442 Ecclesiae
591 383 761 444 subtrahere
784 384 921 459 voluerit,
932 394 992 456 Aet
1013 387 1096 462 sequi
1109 388 1214 460 Deum
1230 388 1283 463 qui
1305 387 1396 449 dicit:
1422 389 1557 452 «Venite
1578 387 1615 451 ad
1632 409 1689 466 me,
1705 409 1816 470 omues,

28 477 29 484 ’
91 471 221 531 anathema
248 472 296 533 sit.
324 471 401 543 Quid
424 471 503 532 ultra
524 473 642 534 dicam‘t
668 472 878 536 convertimini
898 487 927 538 et
966 484 995 536 et
1010 493 1062 553 ego
1072 493 1124 538 vos
1141 479 1321 555 requiescere
1334 481 1438 541 seciam
1453 485 1563 552 (hlotth.
1578 489 1634 554 ur).
1653 507 1668 536 ι

28 585 29 662 ζ
91 560 301 636 ndetequianil
322 561 429 621 melius
445 571 489 621 est
503 577 592 636 quam
606 562 771 638 relinquere
784 563 926 625 mulum
1155 573 1200 630 Sit
1213 588 1310 629 nomen
1325 575 1436 630 nanim
1450 575 1627 637 benedictum,
1697 579 1700 584 “

91 747 1819 780 ——-—-—···-———-——-——--——----.-........-.
1914 759 1916 762 .

261 909 423 970 Μ
465 932 886 1106 opuscuuuu
926 940 1314 1061 vrcusruuu
1356 910 1627 1063 uouuuss

440 1167 442 1172 a
552 1135 619 1210 nn·
634 1150 713 1242 vur
740 1152 911 1215 vnsurro
941 1137 1342 1226 acmusms'rrcoeuu.

848 1326 1044 1344 «δι-*α-

91 1470 295 1551 harimnu.
311 1497 347 1510 -
361 1466 509 1549 Mainardo
522 1467 619 1529 abbati
639 1469 924 1552 quipretiosioribus
942 1471 1073 1532 vestibus
1084 1474 1169 1534 indui
1183 1487 1381 1554 consueverat,
1394 1484 1519 1544 ostendit
1531 1499 1620 1560 quam
1634 1488 1673 1546 sit
1685 1488 1820 1550 ecclesia·

88 1549 184 1598 *strcrs
214 1554 299 1601 vrrrs.
326 1546 355 1597 et
402 1548 542 1599 raesertrm
568 1545 718 1600 monachis
742 1543 910 1601 indecorum
938 1544 1178 1606 vestimentorum
1205 1552 1415 1624 speciositatem
1435 1565 1578 1628 appetere.
1603 1557 1694 1618 Multa
1707 1577 1766 1635 quo
1807 1567 1846 1621 e'

114 1611 247 1692 exsectis
260 1610 363 1669 litteris
375 1555 689 1693 Xepromptaexempla
702 1612 1163 1696 adducit,·exquihusmanifeste
1185 1623 1285 1695 prohat
1298 1622 1358 1686 Deo
1370 1624 1537 1698 hujusmodi
1553 1629 1679 1689 vestium
1725 1578 1823 1707 mpSum

97 1696 231 1812 ,leff
251 1697 314 1741 esse
326 1696 418 1813 ιηξὲιω
433 1697 535 1812 onrtnes
553 1691 646 1742 sancti
667 1693 726 1743 tam
744 1683 856 1745 Veteris
869 1700 959 1759 quam
973 1685 1048 1746 Novi
1063 1686 1251 1764 Testamenti,
1268 1702 1297 1753 et
1312 1695 1375 1769 ipse
1390 1697 1479 1756 etlam
1493 1697 1636 1774 Christus,
1651 1701 1679 1760 v'
1696 1702 1755 1762 'ore
1772 1719 1824 1763 ve·

28 1797 29 1800 ,
112 1769 200 1813 sruu
235 1767 327 1813 none
385 1770 492 1813 uerrn.
948 1802 951 1808 .

113 1913 220 1974 [lemno
244 1913 407 1974 hunuano
424 1914 506 1974 fratri
520 1905 701 1987 charissimo,
726 1917 843 1978 Partus
861 1933 928 1992 pec·
941 1921 999 1981 Bel
1022 1923 1137 2000 inipso
1166 1925 1331 1987 indumenti
1353 1929 1483 1990 cultioris
1509 1939 1622 2006 ornatu,
1650 1935 1715 1995 siue
1735 1935 1825 1998 dubio

28 2087 29 2092 γ
87 2012 149 2063 otor
160 2006 320 2064 monachus
336 2005 460 2065 saluam
474 2007 506 2065 iu
519 2006 656 2067 Domino.
969 2031 1054 2075 vanas
1074 2016 1176 2090 gloriae
1193 2019 1418 2093 deprehenditur
1431 2024 1586 2098 appetitus.
1609 2025 1701 2086 Nemo
1717 2027 1825 2104 quippe

111 2096 236 2156 dentatis
255 2104 284 2155 et
305 2103 499 2171 competenter
516 2097 656 2158 adhibitis
677 2100 815 2159 omnibus
834 2099 928 2168 medi:
969 2102 1032 2163 illic
1058 2107 1176 2166 anhelat
1201 2109 1486 2182 pretiosis‘vestihus
1511 2113 1606 2185 indui,
1632 2115 1684 2174 ubi
1710 2115 1825 2178 alienus

68 2186 148 2246 'chae
168 2188 335 2262 generibus,
355 2189 380 2248 si
403 2188 562 2265 languidus
586 2192 680 2262 obeat,
702 2208 763 2251 non
785 2199 828 2251 est
851 2193 929 2253 unde
970 2208 1039 2251 eum
1061 2202 1192 2269 aspectus
1218 2206 1345 2272 nequeat
1358 2199 1477 2260 intueri.
1495 2191 1550 2262 Sed
1574 2205 1610 2263 ad
1633 2204 1689 2263 hoc
1701 2206 1826 2281 quisque

88 2276 219 2336 medicum
239 2272 415 2337 conscier'rtia
435 2280 635 2353 reprehendat.
650 2281 729 2341 Fecit
741 2281 821 2341 enim
843 2296 930 2342 omne
959 2280 1144 2342 cultioribus
1159 2284 1339 2347 indumentis
1359 2290 1515 2351 enitescere
1530 2292 1717 2367 mucupiscit,
1744 2301 1777 2353 ut
1795 2312 1826 2354 se

28 2427 29 2450 ,
89 2368 153 2440 quod
175 2368 280 2441 potuit,
311 2369 363 2444 qui
387 2380 492 2430 cuncta
512 2387 579 2446 quae
602 2372 705 2431 decent
723 2373 928 2448 archigenem,
972 2372 1142 2432 mirantium
1157 2373 1302 2436 nitidulus
1312 2377 1434 2439 oblectet
1445 2386 1604 2457 aspectum,
1614 2389 1648 2441 ut
1660 2375 1837 2443 alienorum

28 2457 29 2544 ,
88 2458 259 2519 curationum
278 2469 451 2535 argumenta
472 2462 621 2537 persolvit.
650 2464 727 2522 Dum
742 2465 768 2523 is
790 2480 859 2538 ergo
879 2463 931 2538 qui
971 2467 1067 2534 pascat
1075 2461 1456 2540 illecebrasoculorum3sed
1467 2468 1540 2528 dum
1549 2469 1657 2529 mulcet
1666 2470 1825 2534 oculosex·

88 2546 218 2626 lebricitat
239 2547 373 2616 moritur,
395 2549 448 2625 qui
472 2550 596 2609 curandi
627 2566 738 2610 munus
761 2551 931 2628 impleverat
972 2552 1115 2614 trinsecus
1124 2555 1315 2630 intuentium,
1326 2558 1824 2634 internijudicisduenditohtutum.
1865 2585 1868 2590 ⁴

87 2633 199 2694 crimine
216 2651 276 2695 uon
298 2644 421 2698 tenetur.
447 2639 532 2712 Nam,
546 2640 625 2715 quod
641 2656 728 2700 suum
747 2649 817 2710 erat,
844 2641 932 2701 indu·
1663 2646 1671 2656 “

88 2725 175 2782 striam
197 2726 268 2784 artis
287 2726 432 2800 exhihuit,
442 2735 539 2803 atque
554 2729 619 2789 idco
634 2730 789 2790 calumniae
803 2746 862 2790 non
881 2748 932 2805 par
1251 2695 1374 2759 CAPUT
1390 2700 1549 2763 PRIMUM·

89 2813 157 2873 tebit
178 2815 236 2875 Diu
252 2817 324 2890 lam,
345 2818 444 2891 irater,
462 2829 514 2891 est,
533 2833 572 2880 ex
588 2837 647 2894 quo
668 2821 721 2879 tihi
741 2820 931 2900 pretipsarum
1108 2807 1212 2876 (imbui
1224 2809 1344 2892 'tillim
1359 2812 1388 2867 5·
1407 2812 1530 2867 Ellleil'a
1544 2811 1699 2868 ‘illelm-

91 2905 208 2989 vestium
223 2913 311 2966 aestus
324 2907 485 2983 incanduit,
510 2918 548 2982 et,
565 2919 599 2970 ut
613 2912 653 2970 ita
673 2913 784 2987 loquar,
798 2912 932 2971 ambitio·
1010 2907 1109 2969 Solent
1124 2911 1209 2986 plane
1233 2920 1363 2986 polentes
1388 2914 1487 2973 saculi
1498 2913 1652 2989 phaleratis
1667 2910 1827 2989 obsequan-

91 2996 132 3054 nis
146 3006 201 3056 turo
220 2998 330 3057 viscera
354 3005 494 3073 tauquam
509 3000 650 3059 lethilerae
664 2999 753 3059 febris
768 2999 853 3059 ardor
875 3016 930 3059 er·
973 2998 1047 3057 tium
1061 2998 1191 3059 induviis
1219 3000 1363 3071 delectari,
1380 3004 1541 3077 praesertim
1559 3003 1584 3062 si
1606 3009 1758 3062 metatores
1774 3002 1829 3060 ho·

92 3087 171 3146 coxit
187 3086 247 3161 Ego
259 3095 356 3147 autem
368 3088 420 3147 tihi
437 3090 517 3150 velut
530 3090 670 3161 medicus,
687 3089 753 3148 licet
765 3089 939 3164 imperitus,
969 3085 1054 3164 spitii
1073 3086 1131 3145 sint
1150 3085 1308 3159 mirabiles,
1339 3089 1365 3148 si
1391 3090 1563 3164 praeamhuli
1586 3090 1697 3165 quique
1721 3089 1830 3148 diversi

91 3182 116 3234 et
127 3178 221 3236 oleum
237 3176 311 3236 lenis
323 3186 411 3252 atque
423 3177 521 3238 suavis
534 3179 742 3238 admonitionis
754 3178 888 3248 adhibui,
905 3183 932 3236 et
975 3175 1072 3235 cultus
1087 3175 1182 3251 specie
1197 3177 1352 3237 videantur
1365 3178 1505 3253 insigues.
1525 3179 1581 3238 Sed
1596 3179 1750 3238 videamus
1767 3193 1829 3236 me·

28 3319 29 3328 ,
89 3274 202 3324 rosera
216 3267 403 3342 correptionis
427 3268 531 3327 viuum
554 3268 720 3343 frequenter
742 3267 850 3327 inludi.
876 3266 1098 3341 Nscqtatorem
1116 3263 1223 3323 Christi
1247 3265 1401 3339 loannem,
1434 3268 1617 3326 attendamus
1637 3267 1722 3340 ‘regis
1746 3281 1825 3341 egre·

93 3351 296 3438 scripturarum
324 3356 377 3414 tihi
397 3356 515 3416 deluere
540 3358 695 3433 pigmenta,
718 3367 842 3432 quarum
867 3372 935 3415 sen·
974 3351 1058 3425 mum
1078 3367 1307 3436 praecursorem:
1332 3354 1383 3427 qui
1399 3356 1541 3416 nimirum
1561 3356 1678 3430 preivit
1702 3371 1780 3428 eum
1798 3357 1830 3415 iu
1880 3398 1886 3416 .

93 3445 187 3504 tertias
206 3443 277 3503 dum
298 3461 443 3520 exponere
462 3446 574 3519 studui,
598 3447 677 3506 velut
695 3445 867 3506 aromaticas
881 3445 934 3505 tihi
976 3441 1080 3516 spiritu
1112 3449 1140 3501 et
1165 3444 1273 3503 virtute
1306 3444 1378 3505 Elias
1410 3450 1486 3524 (bqr.
1515 3453 1546 3520 ll,
1578 3455 1611 3507 ut
1650 3454 1829 3507 converteret

91 3535 188 3608 species
209 3535 328 3609 pindere
355 3537 501 3612 [pandere]
523 3553 582 3597 non
601 3538 721 3597 cessavi.
746 3537 782 3596 Et
795 3536 934 3611 quoniam
974 3531 1061 3590 corda
1082 3539 1199 3606 patrum
1220 3531 1253 3593 in
1268 3532 1355 3605 tilios,
1368 3541 1396 3594 et
1410 3535 1575 3597 incredulos
1587 3537 1624 3596 ad
1644 3537 1830 3611 prudentiam

28 3665 29 3668 κ
91 3638 138 3696 eqo
155 3641 221 3686 cum
234 3625 345 3686 caecens
367 3628 516 3700 iratribus,
530 3627 639 3687 vilibus
656 3643 751 3687 coram
774 3634 801 3685 te
823 3625 935 3685 luimus
972 3622 1128 3697 J'uslorum.
1166 3625 1383 3703 Perpendamus
1424 3628 1543 3704 itaque,
1582 3628 1748 3706 imperator.
1788 3629 1830 3689 lle

28 3741 29 3746 κ
91 3716 209 3774 maenti
231 3731 346 3792 semper
371 3717 496 3786 exuviis,
512 3717 584 3777 dum
606 3716 838 3792 leciprius'ipse
857 3716 935 3791 quod
976 3725 1072 3792 terrae,
1101 3719 1210 3793 quihus
1233 3719 1337 3794 praevii
1360 3721 1508 3781 metatoris
1533 3720 1579 3780 sui
1607 3721 1736 3781 vestibus
1749 3719 1831 3779 dele·

28 3845 29 3880 ,
91 3808 196 3880 monui,
211 3808 295 3885 quasi
311 3807 392 3882 prius
404 3809 568 3869 antidotum
580 3809 664 3867 bibl:
685 3808 785 3881 sicque
800 3808 877 3867 lead
892 3807 935 3867 hi·
975 3814 1091 3879 ctetur;
1116 3808 1176 3881 sed,
1202 3809 1362 3884 Evangelio
1380 3818 1511 3883 metante,
1535 3810 1737 3885 adgnoscimus
1761 3812 1831 3886 quia

28 3967 29 3976 ἵ
89 3892 211 3956 mudum
229 3897 306 3973 quod
329 3899 549 3973 propinaveram
562 3897 726 3973 provocavi.
749 3896 806 3958 Sed
820 3905 852 3971 et
863 3913 935 3956 cau·
976 3895 1830 3971 vestimentumejuspilisinhorrueratcamelorumoeliet

28 3993 29 4038 l
90 3987 359 4065 terium‘postremo
390 3989 553 4050 adustionis
578 3988 722 4062 impressi,
751 3990 822 4048 dum
847 3987 935 4048 nitori
976 3981 1049 4042 529
1073 4001 1131 4058 quo
1158 3985 1312 4046 Salvator:
1334 4009 1348 4037 α
1363 3984 1448 4058 Quid,
1476 3986 1582 4060 inquit,
1608 3987 1710 4046 existis
1727 3988 1759 4047 in
1779 3988 1831 4046 de·

89 4076 207 4136 vadum
231 4078 314 4153 ignes
335 4085 471 4138 tartareos
484 4078 635 4149 minitans,
659 4077 811 4136 intentavi.
827 4078 935 4137 Annon
976 4083 1086 4137 serlum
1111 4076 1231 4136 videret
1245 4078 1394 4136 homiuem
1410 4077 1548 4136 mollibus
1571 4076 1731 4137 restitum?
1757 4078 1831 4137 Ecce

90 4163 258 4226 adustionis
273 4168 383 4227 ferrum
411 4168 553 4228 divitibus
591 4166 776 4242 imprimebat
800 4167 934 4238 lacobus,
976 4166 1027 4240 qui
1044 4164 1196 4230 ‚mollibus
1219 4166 1386 4225 vestiuntur
1416 4162 1449 4224 iu
1474 4166 1610 4226 domibus
1636 4181 1738 4239 regum
1762 4175 1833 4226 suut

28 4287 29 4296 κ
90 4266 151 4313 cum
173 4264 203 4315 et
226 4257 276 4316 bic
299 4264 394 4317 vestes
417 4258 514 4331 tineis,
537 4267 566 4318 et
580 4258 642 4317 illic
663 4274 764 4317 carnes
792 4258 935 4318 incendiis
976 4259 1084 4330 matth.
1107 4269 1162 4328 1113
1187 4269 1239 4327 ΧΗ
1263 4260 1329 4314 hac.
1356 4261 1418 4328 vu).
1436 4281 1450 4305 ιο
1470 4258 1512 4317 hc
1538 4257 1564 4316 si
1590 4254 1744 4320 manifeste
1766 4272 1834 4331 per·

28 4389 29 4410 ,
91 4343 226 4406 obnoxias
237 4348 417 4422 perhibebat,
436 4349 556 4408 dicens:
575 4370 586 4401 ‹
604 4350 688 4422 Agite
711 4365 801 4421 nunc,
817 4348 934 4421 divites,
976 4347 1084 4418 hibeat,
1102 4346 1172 4422 quia
1188 4345 1457 4417 uoucoelestis‚sed
1472 4346 1580 4406 terreni
1595 4347 1671 4423 regis
1684 4345 1767 4419 digni
1781 4346 1834 4406 de·

28 4453 29 4518 ᾗ
91 4437 116 4487 et
131 4432 248 4507 plorate,
272 4435 419 4495 ululantes
433 4435 465 4495 in
480 4435 606 4495 miseriis
626 4436 740 4506 vestris,
766 4437 936 4513 quteedve·
978 4445 1138 4502 cernuntur
1155 4436 1312 4512 obsequiis,
1330 4437 1390 4513 'qui
1417 4436 1454 4495 ad
1479 4452 1563 4497 vanae
1586 4411 1833 4511 gloria'nttorem

28 4581 29 4590 ,
92 4520 167 4580 ment
180 4525 272 4583 vohis.
288 4522 407 4584 Divitiae
419 4533 522 4585 vestrae
535 4527 702 4606 putrefactae
714 4534 792 4593 sunt,
806 4535 834 4587 et
849 4527 938 4587 vesti·
978 4528 1121 4587 accuratis
1131 4526 1228 4586 ornari
1240 4526 1566 4600 gestiuutindumentis.
1578 4523 1835 4601 Mollibusquippe

92 4618 184 4671 menta
207 4622 302 4673 vestra
315 4631 333 4672 a
348 4613 434 4674 tineis
455 4623 581 4675 comesta
604 4623 682 4685 suut,
712 4632 819 4675 aurum
839 4626 866 4676 et
889 4616 1108 4705 ar·Dvestibus
1133 4615 1238 4690 regalis
1256 4620 1342 4686 aula3
1367 4617 1476 4689 asperis
1500 4622 1528 4672 et
1542 4613 1661 4673 incultis
1676 4611 1835 4697 delectatur

28 4737 29 4744 κ
92 4709 204 4771 gentum
222 4711 353 4762 vestrum
371 4704 555 4780 aeruginavit‚
577 4713 605 4763 et
617 4720 715 4778 aerugo
729 4720 831 4764 eorum
846 4705 879 4762 in
896 4712 937 4763 te·
979 4705 1115 4767 Ecclesia.
1134 4731 1148 4758 κ
1174 4706 1276 4766 Omnis
1290 4707 1370 4765 enim
1385 4705 1476 4779 gloria
1503 4705 1567 4777 ejus
1590 4703 1660 4761 filiae
1681 4703 1833 4777 regumab

92 4789 255 4851 stimonium
271 4792 355 4851 vobis
378 4792 444 4865 en't,
465 4799 493 4852 et
506 4793 692 4852 manducabit
709 4809 811 4852 carnes
830 4798 938 4853 vestras
979 4797 1060 4855 intus
1076 4797 1158 4870 (Psoi.
1175 4797 1277 4867 xisti:
1295 4794 1449 4854 »Ecclesia
1472 4793 1628 4867 siquidem,
1643 4793 1690 4852 vel
1705 4805 1833 4868 quasque

92 4878 251 4959 sicutignis
270 4886 337 4956 (tce.
354 4887 428 4954 vl.»
454 4882 605 4943 bletallum
620 4884 738 4958 quippe,
758 4883 837 4957 quod
859 4900 938 4943 nunc
980 4874 1199 4956 lidehs'anima,
1225 4899 1292 4958 quar
1307 4892 1336 4941 et
1360 4883 1422 4958 ipsa
1447 4889 1612 4943 muctmum
1636 4882 1832 4959 apostolorum
1891 4913 1894 4918 ·

91 4982 138 5039 per
159 4972 312 5032 avaritiam
330 4972 503 5046 possidetur,
518 4980 589 5032 tunc
609 4973 641 5031 in
657 4973 780 5032 laminas
793 4972 936 5033 vertitur:
979 4981 1022 5034 est
1037 4973 1108 5047 lilia,
1124 4989 1184 5033 uon
1198 4973 1380 5033 extrinsecus
1394 4974 1560 5047 enitescere,
1576 4973 1627 5033 sed
1646 4981 1747 5033 ornata
1759 4985 1832 5047 gau·

92 5064 117 5112 et
130 5075 204 5134 caro,
218 5077 285 5136 quaa
300 5076 380 5120 nunc
392 5061 637 5136 fucatisvestibus
646 5062 813 5134 adornatur,
822 5061 940 5121 flamma
980 5064 1029 5124 det
1043 5064 1075 5122 in
1094 5062 1198 5123 occulti
1215 5062 1323 5137 jndicis
1341 5063 1492 5123 obtutibus
1516 5069 1662 5138 apparere.
1679 5062 1738 5122 Nec
1749 5059 1833 5120 oble·
1912 5066 1917 5070 “

92 5153 268 5231 manandum
291 5152 430 5212 stridente
447 5153 628 5228 perfricatur.
642 5156 751 5213 Annon
769 5153 940 5212 medicinale
980 5161 1075 5212 ctatur
1093 5153 1188 5212 fucata
1201 5152 1419 5226 pulchritudine
1433 5151 1636 5225 vestium,‘sed
1649 5149 1834 5211 rutilantium

93 5235 294 5301 lerramentum
316 5242 469 5303 ambitioni
488 5241 614 5302 vestium
631 5243 718 5302 etiam
745 5241 875 5302 Salvator
888 5258 940 5316 ap·
981 5241 1123 5316 gloriatur
1136 5241 1274 5302 varietate
1290 5242 1443 5303 virtutum.
1464 5242 1507 5301 lle
1521 5258 1580 5316 qua
1591 5243 1681 5301 etiam
1695 5239 1835 5299 varietate

28 5401 29 5404 ,
93 5334 192 5406 Ρθῦυἱῑ,
211 5350 280 5394 cum
306 5334 427 5392 divitem
453 5335 539 5409 bysso
564 5350 597 5393 ac
620 5350 752 5409 purpura
775 5334 954 5394 decoratum.
984 5330 1132 5405 Scriptura
1152 5332 1357 5407 prosequitur:
1376 5356 1389 5384 ι
1405 5330 1440 5390 Iu
1453 5330 1578 5390 fimbriis
1591 5330 1687 5389 aureis
1705 5329 1834 5388 circum·

94 5417 215 5485 dammis
231 5424 426 5485 infernalibus
452 5425 553 5484 ardere
571 5423 746 5499 perhibuit?
769 5426 842 5498 (Lac.
866 5424 941 5497 rvr.)
982 5422 1086 5482 amicta
1110 5423 1247 5481 varietate
1261 5424 1352 5495 libid.)
1380 5445 1392 5474 ι
1411 5421 1468 5479 Vis
1479 5419 1580 5479 audire
1596 5418 1764 5478 varietatem
1782 5434 1833 5478 ve·

28 5565 29 5576 ,
96 5503 239 5585 Scriptura
254 5514 362 5589 quippe
375 5518 456 5586 teste,
480 5511 556 5572 nihil
578 5510 660 5572 aliud
680 5511 711 5568 in
726 5511 782 5570 hoc
794 5511 883 5570 divite
897 5526 942 5570 re·
984 5511 1082 5582 stium,
1099 5525 1167 5585 quae
1180 5510 1305 5570 ccelestis
1318 5509 1417 5585 sponsi
1426 5506 1546 5567 delectat
1560 5508 1714 5582 aspectus?
1727 5507 1835 5567 Anima

28 5597 29 5666 l
95 5599 290 5674 prehenditur,
303 5603 361 5660 nisi
374 5602 444 5677 quia
459 5602 514 5662 sub
529 5600 862 5660 nitorevestiumetiam
881 5599 944 5658 siue
984 5605 1060 5658 certe
1089 5599 1183 5658 niveae
1206 5598 1343 5658 castitatis
1364 5595 1487 5655 madore
1509 5594 1677 5669 conspicua,
1691 5601 1760 5655 ante
1781 5592 1835 5654 Dei

94 5684 289 5751 misericordia
301 5691 407 5765 legitur
416 5687 756 5765 splendideoonvivatus.
770 5681 944 5763 Quanquam
985 5688 1193 5762 omnipotentis
1220 5686 1318 5748 oculos
1341 5684 1484 5761 spirituali
1508 5685 1605 5760 bysso,
1628 5684 1691 5747 sive
1714 5682 1839 5772 milchie

28 5789 29 5836 l
