4017 6192
80 304 135 366 509
373 341 388 362 s
526 303 652 366 OPUSG.
676 307 791 370 xxvii.
811 340 847 353 -
865 309 913 369 DE
933 307 1105 370 commum
1123 310 1215 372 VITA
1233 308 1406 373 cumburc.
1697 315 1703 322 ’
1781 316 1836 378 510

78 432 164 492 binos
184 438 253 491 aute
273 433 377 492 taciem
399 448 482 493 suam
505 433 650 495 Dominus
666 435 802 507 mitteret,
826 441 855 494 et
879 436 1047 506 eosdrum
1066 438 1207 498 consortio
1222 438 1428 513 pertruantur,
1448 443 1478 498 et
1499 445 1747 500 sacramentorum
1774 456 1834 501 coe-

78 520 217 597 quialios
237 521 351 581 docturi
375 526 467 595 erant,
484 528 517 581 ut
532 528 559 582 et
573 523 629 597 ipsi
644 524 939 599 irreprehensibiliter
979 523 1098 584 lestium
1137 526 1196 586 Deo
1234 531 1430 601 cooperatores
1467 532 1496 589 et
1533 527 1744 603 dispensatores
1768 527 1833 588 exi·

79 608 222 676 virerent,
235 609 412 679 admoneret,
426 610 458 668 in
481 610 544 684 ipso
565 609 686 670 docendi
701 613 846 687 principio
872 619 938 672 tan·
979 621 1070 676 stunt.
1474 677 1482 693 ‚

20 743 21 746 ,
78 713 166 770 qrram
190 698 373 772 permaxime
398 698 596 757 necessarium
624 715 657 757 ac
682 699 841 774 principale
863 716 938 774 prse-

19 769 20 810 ³
79 787 168 857 misit,
183 794 216 846 ut
235 787 431 861 pecuniarum
452 788 534 847 lucra
555 797 784 860 omrtemuerent,
807 790 938 850 avaritias
1313 756 1436 817 CAPUT
1450 755 1502 819 IV·

80 876 177 935 sordes
197 876 365 952 abjicerent,
387 878 570 953 proprietatis
591 880 738 952 peculium
762 895 821 938 non
848 880 937 939 hube-
1069 899 1146 969 Quod
1163 900 1226 956 gom·
1242 901 1376 957 mamm
1395 903 1522 957 societas,
1540 905 1746 974 perimens,

79 974 151 1024 rent.
166 991 181 1017 ι
192 965 297 1037 Nolite,
309 967 416 1041 inquit,
427 977 540 1042 portare
551 970 711 1040 sacculum,
722 985 817 1045 neque
828 985 937 1043 peram,

17 1041 18 1060 ¹
79 1071 175 1129 neque
186 1056 378 1116 calceamenta
386 1061 509 1130 linesi.
521 1058 597 1118 »Per
604 1059 733 1118 Marcum
744 1074 862 1134 quoqne
875 1075 940 1133 pro
1015 1047 1115 1133 Neq'ue
1129 1059 1183 1117 boc
1197 1073 1250 1117 uos
1265 1058 1301 1117 de
1314 1058 1384 1118 solis
1399 1059 1596 1118 sacerdotibus
1608 1058 1768 1134 loquimur,
1784 1060 1834 1119 sed

80 1144 170 1216 bibet,
186 1153 219 1218 ut
233 1160 330 1221 neque
344 1161 459 1219 panem,
474 1161 570 1220 oeque
593 1163 633 1206 aas
647 1148 678 1206 in
695 1148 774 1206 zonis
787 1148 937 1223 haberent,
980 1148 1016 1208 de
1037 1148 1173 1208 omnibus
1192 1148 1317 1221 clericis,
1334 1150 1384 1225 qui
1402 1151 1491 1209 sacris
1504 1150 1646 1210 altaribus
1662 1152 1693 1209 iu
1706 1151 1836 1225 quolibet

81 1246 177 1305 neque
199 1231 314 1291 duabus
339 1232 449 1291 tunicis
470 1233 577 1307 induti,
593 1235 644 1293 sed
658 1235 797 1294 sandaliis
809 1237 937 1309 calceati,
978 1240 1070 1315 gradu
1093 1239 1250 1300 ministerii
1275 1240 1322 1300 sui
1341 1241 1410 1316 jura
1433 1242 1611 1317 dependunt.
1632 1241 1705 1301 Nam
1721 1242 1835 1301 etiamsi

81 1323 195 1398 uirgam
210 1323 409 1383 tantummodo
423 1327 567 1398 gestantes
590 1326 755 1386 incederent
771 1331 868 1400 (More.
885 1331 936 1402 vr).
979 1332 1108 1391 mundus
1122 1333 1160 1390 sit
1173 1332 1239 1408 quis
1254 1332 1285 1391 iu
1299 1349 1341 1404 se,
1357 1333 1500 1393 maiorum
1516 1348 1732 1416 nonnunquam
1745 1333 1836 1392 socie·

81 1413 142 1473 Cur
161 1422 259 1474 autem
275 1416 330 1474 boc
353 1415 547 1476 factumest?
568 1418 706 1493 Nuoquid
732 1427 847 1494 propter
869 1422 936 1482 illos
979 1430 1037 1481 tate
1053 1419 1212 1498 polluitur.
1236 1421 1319 1492 Quod
1344 1423 1445 1496 utique
1468 1423 1494 1482 si
1514 1423 1664 1499 aliquibus
1684 1437 1743 1481 non
1764 1437 1836 1482 con·

81 1511 220 1564 tantumt
237 1503 294 1564 Sed
308 1512 378 1574 esto,
393 1514 426 1565 ut
438 1515 555 1581 propter
566 1508 632 1568 illos
647 1510 685 1568 sit
698 1511 828 1582 lactum;
848 1527 939 1586 quare
979 1513 1111 1587 tingeret,
1140 1528 1323 1588 nequaquam
1349 1513 1488 1588 propheta
1506 1528 1687 1589 conquerens
1704 1510 1835 1586 gemuis-

79 1601 177 1653 autem
204 1593 355 1668 scriptum,
377 1604 493 1670 propter
514 1597 595 1657 nos?
618 1624 632 1650 u
647 1598 836 1676 Quaecunque
859 1600 938 1659 enim
979 1605 1042 1658 set:
1062 1623 1076 1649 a
1091 1597 1151 1667 Vaa,
1170 1599 1277 1673 inquit,
1293 1597 1379 1672 mihi,
1392 1600 1461 1674 quia
1474 1597 1520 1657 vir
1536 1599 1664 1673 pollutus
1679 1597 1764 1657 labiis
1782 1612 1835 1671 ego

79 1684 186 1758 scripta
212 1692 291 1755 suut,
324 1685 361 1742 ad
392 1693 521 1745 nostram
549 1687 710 1748 doctrinam
739 1690 844 1765 scripta
870 1694 938 1748 sunt
979 1703 1056 1754 sum.
1079 1687 1264 1763 quoniamin
1279 1687 1374 1747 medio
1392 1687 1493 1763 populi
1507 1688 1619 1762 polluta
1633 1686 1709 1746 labia
1725 1687 1835 1748 baben-

80 1777 170 1841 (Rom.
186 1777 252 1842 xv).
266 1798 280 1824 n
293 1773 351 1834 Cur
364 1774 462 1850 itaque
473 1777 534 1834 lraec
548 1777 577 1836 in
593 1776 721 1836 Ecclesia
731 1778 868 1852 legimus,
879 1777 1026 1856 nisiBtis
1041 1787 1098 1850 cgo‘
1122 1776 1221 1835 habito
1247 1779 1310 1849 (iso.
1335 1780 1387 1850 V1).
1403 1802 1417 1828 ι
1435 1777 1491 1850 Qui
1513 1778 1656 1837 nimirum
1678 1777 1785 1836 idcirco
1805 1791 1836 1835 se

82 1864 134 1939 [ut]
157 1864 219 1923 bac
233 1865 305 1940 ipsa,
322 1881 390 1940 quas
410 1866 558 1941 leguntur,
583 1869 720 1944 operibus
738 1871 939 1943 impleamus?
978 1860 1125 1941 pollutum
1138 1866 1224 1926 labiis
1237 1866 1392 1939 asserebat,
1410 1868 1479 1942 quia
1497 1869 1574 1928 iuter
1592 1884 1651 1940 eos,
1667 1867 1719 1943 qui
1732 1865 1836 1942 polluti

79 1954 245 2014 Praesertim
271 1955 293 2014 ii
319 1957 372 2030 qui
404 1974 455 2033 per
479 1958 696 2018 succedentium
725 1961 938 2020 vicissitudines
978 1963 1062 2017 eraut
1079 1956 1350 2030 labiisbabitabat.
1367 1957 1500 2034 idipsum
1512 1959 1598 2033 plane
1615 1966 1643 2017 et
1667 1957 1782 2050 Mogses
1806 1957 1838 2015 in
1896 2023 1900 2032 q

78 2051 244 2118 temporum
259 2060 365 2104 eorum
392 2046 556 2121 iunguntur
579 2048 684 2118 officio,
710 2065 811 2109 eorum
837 2048 937 2125 procul
980 2052 1055 2106 terra
1079 2047 1194 2106 Madian
1216 2046 1370 2122 pertulisse
1389 2049 1582 2121 cognoscitur,
1599 2047 1624 2106 si
1636 2064 1690 2107 cur
1704 2062 1772 2107 eum
1788 2060 1838 2105 oc·

78 2133 172 2192 dubio
194 2149 309 2192 necesse
333 2139 376 2193 est
393 2143 601 2195 conversentur
619 2138 763 2211 exemplo.
788 2137 937 2197 Possidere
979 2135 1075 2194 cidere
1100 2135 1226 2194 voluerit
1250 2119 1403 2207 Dominus,
1420 2134 1567 2195 subtiliter
1581 2135 1743 2210 indagetur.
1760 2131 1838 2194 Scri-

78 2222 173 2296 igitur
197 2229 345 2282 terrenum
363 2223 473 2299 aliquid
496 2221 732 2299 predicatoribus
756 2226 818 2285 suis
838 2225 937 2299 probi·
978 2230 1060 2298 ptum
1075 2223 1182 2298 quippe
1195 2229 1260 2283 est:
1276 2250 1289 2273 α
1309 2221 1441 2299 Cumque
1463 2231 1538 2285 esset
1558 2224 1591 2283 in
1610 2222 1714 2283 itinere
1738 2223 1770 2281 in
1793 2222 1838 2281 di·

77 2313 127 2372 bet
147 2312 235 2384 Deus,
252 2319 285 2372 ut
303 2313 355 2387 qui
380 2314 529 2375 constituti
554 2322 622 2375 sunt
640 2316 671 2374 io
690 2316 856 2376 auditorum
871 2331 936 2375 cor-
976 2312 1105 2370 uersorio
1127 2311 1251 2388 Moyses,
1275 2311 1399 2371 occurrit
1426 2312 1453 2371 ei
1479 2312 1630 2386 Dominus,
1665 2317 1693 2371 et
1722 2309 1836 2370 volebat
1892 2381 1895 2386 ¹

76 2403 167 2462 dibus
197 2404 498 2477 concupiscentiarum
532 2414 620 2466 astus
652 2408 850 2482 exstinguere,
880 2406 936 2479 ipsi
976 2402 1106 2461 occidere
1123 2419 1191 2462 eum
1211 2405 1311 2471 (Ecod.
1332 2408 1387 2472 lv).
1414 2424 1426 2454 ι
1451 2401 1559 2461 Mirum
1584 2401 1667 2461 ratde
1687 2416 1739 2459 cur
1764 2416 1834 2460 eum

77 2496 197 2554 sibimet
222 2503 342 2554 careant
368 2495 403 2553 ad
430 2497 557 2557 aliorum
583 2498 741 2573 perniciem
770 2481 936 2557 ambitionis
976 2497 1095 2565 repente
1107 2491 1249 2551 Dominus
1260 2491 1390 2550 occidere
1403 2475 1533 2551 votuisse
1546 2490 1730 2587 describitur,
1746 2504 1835 2564 quem

76 2593 104 2645 et
121 2586 254 2644 avaritias
269 2586 351 2646 irena
367 2586 476 2647 laxare.
492 2589 556 2648 Huc
574 2591 692 2654 accedit.
713 2591 790 2664 quod
805 2606 881 2664 saepe
898 2605 936 2649 es
976 2585 1147 2638 assecretem
1166 2579 1222 2637 Sibi
1242 2582 1304 2654 l'affl
1326 2586 1354 2638 θῑ
1375 2587 1556 2678 simillimi¹
1582 2575 1805 2677 fflfflflfflsstffl
1821 2607 1834 2618 ·

78 2678 374 2749 maturaremus,
400 2679 536 2738 obviante
560 2682 652 2740 corma
671 2682 818 2753 moriere,
837 2681 936 2740 rrum·
976 2677 1073 2740 cents
1091 2669 1138 2729 tui
1153 2668 1268 2728 consilii
1291 2669 1339 2727 sur
1358 2684 1391 2726 ac
1410 2669 1565 2728 voluntate
1578 2683 1683 2727 arena
1695 2667 1836 2740 panare-

79 2767 128 2824 nis
148 2767 295 2825 flammam
309 2767 450 2842 concipiet
463 2769 596 2828 minister
610 2769 719 2829 altaris,
738 2771 812 2828 Nam
830 2771 900 2830 dnm
919 2786 937 2829 a
977 2768 1032 2831 rat,
1046 2768 1074 2819 et
1087 2777 1167 2819 nuuc
1181 2761 1212 2818 in
1226 2760 1412 2819 exsecutione
1424 2774 1486 2817 suar
1498 2755 1670 2817 obedieutiae
1682 2756 1834 2831 dirigebat.

77 2855 203 2928 propriis
223 2855 259 2912 ad
284 2854 440 2915 Ecclesiam
463 2858 518 2916 iter
535 2859 607 2928 terit,
623 2864 650 2916 et
668 2859 798 2929 reditus;
823 2869 939 2933 repente
959 2849 1036 2910 ·Sed
1056 2851 1153 2923 procul
1173 2850 1262 2910 dubio
1281 2850 1366 2910 datur
1384 2850 1520 2923 intelligi,
1536 2850 1607 2924 quia
1625 2847 1836 2925 quantamlibet

79 2942 231 3017 malignus
254 2945 374 3018 spiritus
394 2945 511 3020 laqueos
528 2951 679 3025 piaepssaq
700 2947 819 3006 feminae
844 2949 938 3007 vigea.
979 2939 1104 3012 contagii
1121 2938 1264 2998 maculam
1287 2955 1326 3007 ex
1348 2939 1489 2998 diuturna
1506 2937 1731 2997 Madianitarum
1748 2938 1835 2996 coba·
1894 2977 1918 2995 ,
1988 2951 2008 2991 κ

81 3032 159 3090 mum
180 3031 281 3104 tendit,
300 3039 329 3091 et
347 3034 463 3094 vultum
482 3035 572 3110 aspici
590 3035 750 3108 lubricum,
772 3052 859 3111 quem
888 3036 937 3095 ds.
978 3027 1117 3088 bitatione
1142 3034 1334 3099 contraxerat,
1363 3034 1450 3102 atque
1474 3028 1581 3087 idcirco
1603 3034 1711 3086 terrore
1734 3040 1767 3084 ac
1789 3041 1838 3085 ue

78 3128 178 3195 ceptus
200 3122 342 3195 intuetur,
367 3125 496 3199 opponit.
525 3125 581 3186 Sed
610 3126 746 3203 quisquis
771 3127 815 3185 rel
841 3119 1126 3213 araricgligentiae
1146 3119 1322 3179 correctione
1337 3118 1508 3194 purgandus
1529 3125 1601 3186 erat,
1621 3120 1674 3192 qui
1689 3117 1835 3210 corrigen-

79 3210 128 3268 tiae
153 3209 281 3281 flamma,
306 3211 353 3270 vel
379 3211 512 3273 libidinis
536 3222 650 3284 aestuat,
673 3232 731 3291 qus
758 3216 861 3287 ironis,
878 3232 936 3292 qua
978 3210 1023 3268 dis
1044 3211 1111 3269 aliis
1127 3210 1289 3269 coelestium
1308 3208 1650 3282 mandatorum‘bojulus
1673 3207 1834 3270 accedebat.

77 3299 254 3358 conscientia
267 3298 379 3364 divinis
394 3302 533 3364 altaribus
548 3303 787 3380 appropinquat?
802 3304 880 3363 Hinc
895 3312 938 3364 est
977 3301 1060 3373 Quod
1075 3300 1183 3359 scilicet
1199 3314 1275 3358 uxor
1287 3299 1349 3372 ejus
1365 3298 1492 3372 Sephora
1507 3297 1664 3372 prudenter
1677 3297 1835 3368 intellexit,

78 3387 170 3458 enim,
191 3388 267 3463 quod
287 3388 340 3447 lilii
359 3391 575 3451 Aarondivino
590 3400 659 3452 sunt
677 3394 743 3467 igue
760 3395 936 3469 consumpti,
978 3391 1014 3450 de
1036 3405 1096 3464 qua
1122 3387 1270 3462 Scriptura
1295 3387 1430 3463 protinus
1457 3386 1587 3445 addidit:
1612 3409 1626 3435 ι
1650 3386 1732 3445 Tulit
1758 3386 1836 3447 illico

78 3480 150 3555 quia
175 3476 306 3538 alienum
337 3481 435 3556 ignem
463 3483 568 3543 ollerre
591 3483 716 3543 Domino
742 3501 936 3560 praesumpse-
979 3478 1108 3553 Sephora
1131 3476 1329 3535 acutissimam
1357 3481 1494 3550 petram,.
1507 3479 1535 3533 et
1558 3473 1740 3534 circumcidit
1765 3489 1838 3547 prae-

80 3576 159 3625 ruut.
179 3566 324 3640 Scriptum
339 3570 447 3644 quippe
459 3578 520 3631 est:
540 3592 553 3624 ιι
569 3573 757 3647 arreptisque
785 3557 885 3633 Nadab
910 3582 937 3635 et
977 3567 1094 3645 pullum
1113 3566 1167 3625 filii
1181 3567 1227 3626 sui
1243 3567 1347 3637 (Εωθᾶι
1361 3572 1415 3636 1v).
1432 3590 1446 3615 ¹⁹
1463 3565 1632 3625 AbSUPdUffl
1647 3565 1755 3641 quippe
1772 3564 1836 3624 fue·

81 3654 155 3713 517
178 3658 265 3731 Abiu,
290 3657 346 3719 iiiii
370 3663 478 3736 Aaron,
503 3665 662 3724 thuribulis
684 3668 757 3738 suis,
778 3673 956 3741 posuerunt·
978 3665 1033 3730 rat,
1050 3660 1075 3718 si
1098 3657 1247 3717 rideretur
1264 3657 1382 3732 gentilis
1402 3656 1433 3715 io
1457 3655 1529 3728 lilio,
1550 3656 1601 3730 qui
1624 3655 1754 3715 Israelita
1775 3663 1836 3715 erat

80 3748 180 3822 ignem
201 3756 230 3807 et
252 3750 405 3811 incensum
422 3754 562 3829 desuper,
584 3757 738 3817 offerentes
758 3773 855 3816 coram
878 3756 937 3816 Do-
967 3750 1009 3808 ·in
1033 3748 1196 3823 semetipso.
1217 3746 1272 3818 Qui
1298 3763 1365 3821 ergo
1389 3746 1462 3806 alios
1486 3746 1523 3806 ad
1550 3746 1732 3806 rectitudinis
1757 3745 1836 3806 riam

79 3839 163 3895 mino
179 3837 276 3910 ignem
288 3840 428 3913 alienum,
442 3845 519 3918 quod
533 3845 575 3903 eis
589 3854 767 3921 praeceptum
782 3863 840 3906 non
853 3853 933 3906 erat:
977 3837 1063 3896 debet
1083 3838 1237 3908 instruere,
1254 3836 1338 3894 valde
1363 3836 1526 3895 cavendum
1545 3842 1588 3895 θθῒ
1613 3852 1650 3894 Πθ
1673 3833 1747 3892 51⁸
1763 3836 1834 3910 ipse,

78 3943 274 4006 egressusque
297 3916 415 4002 ignis'a
433 3934 558 3994 Domino
573 3936 723 3997 semme
737 3953 796 4007 eos,
816 3943 844 3996 et
858 3952 937 3996 mor.
978 3924 1056 4001 quod
1068 3923 1152 3993 absit,
1170 3922 1200 3980 in
1216 3921 1315 3997 aliquo
1329 3921 1462 3981 mdeatur
1479 3937 1586 3981 errare.
1601 3921 1679 3980 Hine
1692 3929 1735 3981 est
1749 3922 1835 3981 etiam

79 4016 125 4074 tui
148 4023 217 4075 sunt
238 4033 334 4078 coram
354 4022 479 4085 Domino
493 4027 589 4096 quevis,
610 4027 653 4098 x),
672 4051 683 4076 .
699 4024 810 4083 sicaria
828 4025 937 4100 (fuimis
978 4014 1057 4086 quod
1073 4010 1250 4071 Israeliticus
1264 4009 1390 4086 populus
1403 4010 1439 4069 ad
1456 4009 1656 4070 ulciscendum
1673 4010 1768 4070 scelus
1781 4011 1836 4071 Be·

78 4103 198 4164 Domini
225 4120 282 4165 non
309 4108 449 4181 alienum,
474 4113 524 4170 sed
548 4114 646 4184 ignem
673 4113 818 4171 duntaxat
842 4113 937 4172 divini
978 4102 1070 4161 lafflifl
1093 4101 1266 4175 [Beniamin]
1285 4100 1346 4159 20¹0
1368 4099 1550 4160 rectitudinis
1574 4101 1784 4172 inflammatur,
1808 4110 1836 4162 el

76 4193 188 4250 amoris
198 4195 354 4268 accipiunt.
369 4197 410 4255 De
422 4213 481 4273 quo
492 4200 627 4259 videlicet
639 4201 700 4275 ipse
710 4201 796 4260 dicit:
811 4226 821 4252 ι
837 4201 938 4280 Ignem
980 4197 1076 4249 &1⁰1³ss
1092 4190 1169 4249 idem
1184 4189 1308 4264 DODUlUS
1323 4188 1456 4248 Belflffilss
1470 4189 1575 4272 illaiffis
1589 4197 1656 4250 anie
1676 4191 1833 4265 Dfflstilfli·

78 4281 149 4338 reni
164 4280 276 4340 mittere
290 4281 320 4341 in
338 4291 454 4356 terram,
469 4288 581 4363 etquid
596 4289 673 4361 volo,
690 4290 747 4348 nisi
766 4297 796 4350 ut
814 4292 938 4349 ardeat?
980 4289 1027 4341 tur
1042 4283 1115 4350 (aad.
1132 4283 1193 4352 xxi.
1208 4281 1298 4353 Quom
1313 4281 1391 4340 essim
1414 4296 1472 4341 1¹⁰⁰
1488 4286 1613 4354 m⁰ve³ls
1634 4282 1710 4358 quod
1736 4280 1834 4341 Domi·

53 4375 157 4440 idue.
176 4377 241 4445 arr.)
265 4400 278 4448 3¹
304 4374 446 4450 Quisquis
471 4377 561 4452 igitur
585 4384 716 4449 repens,
740 4382 786 4440 vsi
814 4380 939 4440 carnaiis
978 4387 1036 4432 uus
1054 4371 1100 4430 bis
1120 4371 1322 4445 interrogatus,
1339 4365 1384 4429 bis
1398 4370 1435 4430 ad
1453 4369 1619 4431 ineundum
1634 4376 1734 4431 contra
1750 4370 1834 4431 Bela-

75 4467 322 4540 doncupiscentiae
351 4469 467 4528 damma
494 4470 527 4528 in
558 4471 710 4530 thuribulo
739 4473 786 4533 sui
817 4471 939 4546 pectoris
979 4462 1042 4521 min
1062 4460 1198 4535 Dlaelillffl
1220 4461 1299 4519 dedit
1321 4475 1472 4519 assessssuffl
1491 4482 1498 4528 t
1519 4466 1548 4519 θῑ
1571 4466 1667 4520 lamen
1689 4460 1720 4520 1¹¹
1742 4462 1836 4536 primo

76 4558 195 4625 moal,
214 4563 241 4613 et
258 4557 348 4615 sacris
372 4559 506 4617 assistere
529 4558 677 4633 mysteriis
704 4575 763 4618 non
792 4561 938 4634 formidat,
979 4551 1137 4611 certamine
1158 4551 1263 4623 Viginti
1279 4549 1337 4609 duo
1353 4549 1447 4608 millia
1463 4549 1499 4608 <¹⁰
1513 4548 1662 4621 Israelitis,
1677 4551 1708 4610 in
1728 4567 1833 4611 Siculi·

74 4642 132 4701 irre
151 4643 354 4716 proculdubio
371 4646 482 4706 atrine
501 4649 621 4707 ursionis
643 4650 761 4709 interim
783 4651 850 4724 rges
868 4669 938 4711 con·
979 4639 1017 4699 do
1031 4654 1100 4697 vero
1112 4638 1211 4696 decem
1227 4645 1255 4696 et
1267 4644 1330 4696 octo
1345 4637 1436 4696 mrum
1451 4637 1640 4697 ceciderunt?
1653 4637 1729 4708 Quid
1744 4640 1835 4714 igitur

78 4731 218 4802 sumitur,
245 4734 281 4791 de
305 4750 363 4808 quo
388 4735 536 4810 Scriptura
554 4742 691 4797 testatur:
709 4739 874 4812 «Dtuunc,
891 4740 938 4799 in.
978 4730 1011 4787 iu
1040 4728 1086 4787 bic
1111 4726 1335 4800 intelligendum
1371 4732 1423 4797 est,
1454 4726 1525 4800 quid
1552 4726 1748 4799 sentiendum,
1777 4728 1833 4787 uisi

75 4821 156 4894 quit.
181 4821 259 4894 ignis
283 4823 464 4884 adversarios
494 4827 805 4898 consummamini).
822 4856 835 4879 a
851 4831 938 4889 Enim
979 4820 1050 4896 quia
1064 4818 1145 4893 prius
1158 4816 1280 4877 curandi
1299 4821 1366 4874 sunt
1386 4831 1403 4873 a
1428 4821 1541 4874 tumore
1557 4817 1667 4890 proprii
1689 4816 1833 4889 vulneris,

75 4923 151 4966 vero
177 4910 266 4968 nimis
282 4911 463 4986 impossibile
487 4922 539 4985 est,
567 4917 670 4974 fratres
692 4917 760 4987 mei,
784 4925 816 4975 ut
835 4917 870 4987 is,
886 4918 938 4992 qui
979 4905 1032 4982 (iui
1056 4904 1173 4962 auselii
1197 4902 1313 4960 ffl⁰lb⁰⁸
1332 4900 1435 4961 fllieflffl
1459 4901 1588 4976 gestiunt
1605 4904 1783 4978 imitatis?
1802 4913 1832 4964 ΠΙ

75 4985 180 5052 rerum
198 4995 388 5059 iamiiiarinm
402 5001 480 5059 curis
489 5001 674 5075 opprimitur,
690 5002 741 5078 qui
753 5003 841 5061 simul
853 5004 939 5063 habi.
979 4993 1036 5067 ipsi
1057 4993 1130 5079 jam»
1142 4989 1245 5050 mundi
1271 5005 1321 5065 per
1341 4990 1483 5050 ultionem
1506 4991 1613 5051 suimet
1630 4992 1761 5066 veniant,
1781 4993 1832 5067 qui

74 5083 168 5142 tando
194 5093 222 5144 et
249 5087 441 5164 colloquendo
471 5092 563 5152 turbis
588 5094 719 5168 quotidie
749 5094 938 5169 popularibus
979 5084 1105 5144 alimum
1123 5087 1272 5156 percutere
1293 5096 1380 5155 ΡΜ
1402 5082 1561 5154 festinanti
1585 5083 1662 5177 Sicut
1681 5083 1712 5142 iil
1735 5079 1834 5144 Elan-

72 5168 267 5239 admiscetur,
292 5176 403 5234 mundo
432 5178 525 5237 corde·
545 5181 652 5238 sanctis
673 5169 771 5239 'valeat
799 5182 938 5241 interesse
978 5177 1054 5253 gelio
1068 5175 1194 5235 dicitur:
1211 5200 1223 5224 u
1239 5173 1294 5262 Qui
1312 5175 1375 5254 sine
1389 5181 1503 5248 peccato
1525 5180 1570 5235 est
1590 5182 1731 5249 uestrum,
1753 5173 1834 5249 prius

70 5263 236 5333 mysteriis.
254 5262 288 5321 ln
303 5265 412 5338 quibus
429 5267 563 5328 videlicet
582 5268 761 5328 terribilibus
774 5286 937 5330 sacramen·
978 5265 1112 5325 inillam
1134 5264 1259 5340 lapidem
1287 5264 1380 5322 mittat
1404 5269 1491 5332 idean.
1518 5266 1591 5328 vttrt.
1613 5287 1624 5316 ι
1650 5262 1731 5323 Unde
1757 5267 1833 5322 recte

73 5350 114 5408 tis
129 5351 236 5412 coelum
252 5356 392 5430 aperitur,
408 5363 436 5416 et
451 5359 573 5418 virtutes
594 5360 734 5435 angelicae
759 5360 848 5419 simul
870 5377 938 5421 cum
978 5370 1047 5413 cum
1071 5353 1116 5412 illi
1140 5352 1234 5413 Deum
1262 5353 1455 5420 consulentes,
1486 5351 1642 5411 dicerent:
1672 5348 1830 5421 «011ῐῦῑῦ

71 5438 250 5502 hominibus
270 5443 466 5505 diversantur.
487 5447 609 5518 Quantas
633 5463 701 5521 crgo
722 5448 875 5508 munditia
889 5451 938 5509 de·
979 5443 1220 5503 exercitu'nostro
1233 5442 1365 5517 princeps
1378 5440 1544 5500 certaminis
1556 5439 1831 5500 conmaiiliosBela·

70 5536 154 5594 beot
166 5547 226 5591 esse
240 5532 349 5604 clerici,
364 5549 453 5609 quam
478 5535 573 5609 nitidi,
589 5552 679 5613 quam
692 5536 819 5614 denique
833 5556 850 5597 a
864 5555 938 5599 cuu-
978 5536 1042 5594 miu
1058 5534 1282 5611 [Beniamioiin
1301 5533 1468 5607 Respondit:
1487 5531 1601 5593 -Judas
1615 5533 1651 5592 sit
1665 5534 1728 5594 dux
1738 5541 1832 5595 vester

69 5625 133 5683 ctis
150 5622 331 5694 negotiorum
344 5623 530 5684 saecularium
544 5626 685 5686 fetoribus
696 5628 785 5688 alieni
797 5631 811 5686 t
824 5627 880 5700 Qui
897 5629 939 5688 vi·
980 5627 1054 5694 (Jud.
1068 5630 1145 5697 xx);
1164 5647 1175 5674 ι
1192 5624 1262 5699 quia
1274 5622 1354 5681 enim
1368 5622 1457 5682 ludas
1471 5625 1603 5716 certeseia
1616 5623 1829 5699 interpretatur,

73 5711 189 5774 delicet
209 5713 290 5776 relat
311 5715 535 5777 contubernales
558 5726 585 5776 et
602 5718 805 5779 condomestici
819 5719 938 5795 angeio·
979 5722 1055 5778 recte
1070 5717 1134 5777 dus
1144 5715 1228 5776 illius
1241 5714 1312 5775 belli
1326 5714 1415 5776 iudas
1429 5713 1626 5777 constituitur.
1640 5715 1677 5798 Ut
1690 5716 1830 5775 nimirum
