4017 6192
215 260 266 316 usu
669 233 677 246 ’
701 263 844 322 *oense
861 266 916 320 ιιι.
936 296 971 306 -
992 213 1036 320 οὲ
1055 264 1237 320 tenuamus
1258 267 1324 322 tua.
1771 273 1828 332 usa

209 353 324 428 variotur
338 373 488 439 obtulerat,
509 374 636 430 llaletulis
657 376 760 431 scilicet
779 373 911 441 Ianuarii,
931 376 994 429 duur
1012 379 1034 437 A
1049 390 1115 429 rena
1139 375 1251 440 nactalii,
1265 389 1325 445 quac
1346 376 1395 431 sub
1411 375 1671 454 turuileieouttmioue
1693 383 1832 450 purgatur.

209 466 273 519 biuc
293 463 356 519 inde
376 464 560 530 discurreret,
583 480 644 521 curn
667 465 819 520 ludentibus
842 475 871 520 et
889 466 995 521 carluin·
1047 466 1124 522 llssct
1144 468 1222 538 plaute
1244 457 1472 524 ritrum‘ennctis
1494 469 1663 525 metallorum
1685 467 1835 541 fulgoribus

207 554 334 608 rmutibus
350 554 440 623 pueris
452 556 550 610 ulturos
567 554 689 620 dirueret,
705 565 733 610 ct
749 553 845 609 lriroia
871 555 994 625 quatiam
1046 554 1124 626 ioruge
1144 557 1327 626 praestantius,
1349 557 1372 612 si
1387 557 1483 628 primis
1498 557 1595 614 ictibus
1608 568 1708 628 praeto
1720 575 1773 615 nort
1787 573 1832 615 ce·

207 643 379 700 acscurrilia
393 645 475 699 rerba
490 644 630 715 odaretlf.
646 643 760 716 boaret],
775 645 865 701 subito
880 643 995 713 lapisdc
1046 645 1132 711 deret,
1147 647 1169 701 sl
1185 647 1268 701 nativi
1289 646 1426 702 soliditate
1441 647 1547 701 roboris
1560 648 1740 718 percussionis
1762 646 1832 717 inlu·
1889 695 1898 718 ,

208 740 279 788 tecto
294 746 378 802 super
392 746 454 788 eum
471 733 578 799 cecidit,
592 741 621 788 et
635 731 755 789 obtriuit.
771 733 817 789 Sic
833 734 925 788 iulebu
939 733 994 798 ille,
1046 736 1114 790 riam
1136 736 1272 791 toleraret.
1288 735 1341 792 Sed
1356 738 1419 806 quia
1433 735 1515 794 citius
1531 735 1675 806 lraagitur,
1691 737 1763 793 iuter
1778 753 1834 794 cae·

206 823 252 893 qui
267 822 396 878 mundum
414 821 540 879 deserere
559 825 722 894 contempsit
739 824 888 890 ultroneus,
904 823 996 878 amisit
1047 830 1120 880 teras
1133 824 1301 880 metallorum
1327 826 1433 896 speeies
1453 840 1553 897 suppar
1575 833 1604 881 et
1626 823 1835 896 conteruptibilia

207 911 320 977 inritum
334 922 363 967 et
377 912 499 967 fallacem
513 913 604 968 canus
616 911 785 969 dulcedinem
803 912 935 984 perdidit,
948 911 994 982 qul
1043 913 1188 994 judicatur.
1204 917 1306 973 vitrum
1326 915 1431 974 scilicet
1444 932 1478 973 ex
1492 929 1576 972 arcus
1597 916 1629 973 lit
1648 918 1835 987 perhumanae

207 1002 323 1055 amando
336 1016 446 1056 caruero
459 1003 589 1059 mentitos
601 1013 643 1059 est
657 1004 776 1059 ueritati.
1046 1008 1114 1064 auis
1125 1007 1295 1073 industriam,
1309 1009 1423 1080 ideoque
1437 1006 1607 1079 compellitur
1617 1006 1742 1080 ingenita
1752 1006 1841 1079 tragi-

241 1089 309 1145 llulc
331 1091 422 1161 itaque
442 1093 555 1164 contigit
574 1094 646 1162 quod
670 1094 800 1165 scriptum
820 1103 883 1151 est:
899 1112 909 1147 r
925 1095 997 1151 duta
1045 1100 1129 1157 litatis
1142 1105 1401 1157 serrarenaturam.

207 1181 313 1236 ruinam
325 1180 462 1236 exaltatur
480 1197 528 1238 cor
547 1181 637 1254 (Pron.
652 1197 696 1239 avr
720 1184 741 1253 i.
760 1203 770 1238 a
787 1184 821 1239 Et
840 1184 906 1241 illud
923 1184 996 1255 Apo-
1342 1208 1458 1267 CAPUT
1475 1207 1546 1266 ιω..

206 1271 292 1372 ’,Μὴ
309 1289 320 1324 ¹
335 1270 472 1328 mmmm
492 1275 668 1374 “ulfidm
688 1274 717 1376 5⁰·
730 1289 826 1376 ’ΨΜ
839 1275 886 1331 ⁰⁶3
903 1276 997 1331 ‘'⁵⁹⁰¹''
1051 1300 1118 1357 l't'trl
1140 1301 1268 1360 sumendi
1286 1301 1404 1374 cqrcpittr
1417 1301 1516 1371 urbica
1533 1301 1604 1372 qttod
1622 1298 1840 1356 uideuatur..

208 1359 347 1429 austriam.
360 1361 388 1429 ι)
401 1375 408 1414 :
425 1378 434 1411 ι
450 1359 526 1427 Quod
539 1377 562 1417 st
577 1377 617 1416 rra
629 1363 676 1419 bet
689 1371 805 1420 ratenus
815 1364 921 1421 cunctis
934 1380 997 1435 pec-
1276 1371 1412 1441 preutiuur
1426 1371 1603 1441 reportaverit.

207 1452 383 1507 caadbusest
396 1453 526 1516 ducenda,
541 1453 579 1508 iili
593 1465 668 1510 certe
681 1465 723 1512 est
733 1457 860 1512 obnixius
873 1471 906 1512 ac
918 1458 997 1512 terri·
1082 1459 1274 1515 Verumtamen
1293 1457 1376 1514 tradit
1396 1457 1521 1525 historia,
1542 1457 1606 1528 quia
1628 1449 1705 1513 labor
1724 1457 1831 1529 quirun

207 1541 289 1596 bilius
311 1540 498 1607 toreumata,
519 1543 565 1612 qui
589 1542 697 1602 laborat
720 1544 895 1615 irnpaticotiae
918 1545 995 1600 uitio.
1047 1545 1331 1616 subliberiollaesare
1344 1547 1398 1602 tale
1410 1547 1544 1616 quoddam
1557 1547 1751 1618 excogitaverit
1763 1557 1828 1601 tear

207 1631 259 1698 Qui
272 1631 336 1686 dom
359 1632 386 1686 ln
407 1625 519 1701 pectore
531 1649 582 1689 suo
594 1636 792 1692 stomachantis
813 1636 896 1691 autimi
911 1636 998 1691 turbi-
1048 1645 1245 1708 perameutum,
1259 1651 1313 1707 quo
1325 1636 1423 1692 ‘vitrum
1439 1634 1538 1692 ductile
1558 1633 1636 1690 deret
1654 1643 1737 1705 atque
1757 1634 1831 1694 deti·

207 1737 269 1780 num
291 1733 392 1791 acuat,
408 1734 510 1780 unorum
524 1726 607 1781 divini
623 1727 723 1794 luroris
745 1727 772 1782 in
795 1743 825 1784 se
847 1744 896 1798 per
917 1743 994 1784 suam
1010 1707 1109 1791 Bbile,
1124 1735 1152 1782 ot
1165 1726 1239 1797 iusta
1253 1735 1377 1782 naturam
1389 1726 1519 1798 cujusque
1531 1725 1645 1792 metalli,
1660 1725 1694 1780 ad
1709 1726 1835 1782 sericinis

206 1814 373 1870 iracundiam
395 1826 533 1885 provocet.
555 1814 624 1883 Quid
646 1817 719 1873 enim
737 1815 839 1887 iustius
863 1834 945 1888 qurum
964 1829 994 1874 ut
1046 1820 1130 1875 ictum
1152 1817 1295 1874 infractum
1323 1833 1355 1873 ac
1368 1817 1484 1876 solidum
1505 1827 1684 1889 perinanerct.
1706 1815 1757 1884 Qui
1771 1815 1835 1873 dnm

206 1903 247 1958 Ira
268 1913 407 1958 mereatur
429 1905 517 1958 iraml
540 1906 656 1961 uindicta
677 1910 765 1976 pariat
779 1907 937 1963 altenrtram
952 1918 993 1963 m·
1045 1907 1113 1963 aulae
1129 1907 1210 1976 regiae
1225 1906 1328 1963 loribus
1342 1905 1437 1962 luisset
1456 1905 1599 1969 adurissus,
1616 1905 1736 1976 porrexit
1752 1905 1836 1975 impe·

204 1991 277 2047 lione
292 1992 458 2047 rindictam'i
472 1993 547 2049 Unde
558 1996 601 2066 rie
614 1996 724 2066 sapiens
736 1998 798 2052 ait:
816 2015 826 2050 ι
843 1997 894 2066 Qui
909 1999 994 2053 riutb-
1045 1997 1128 2053 ratorl
1151 1996 1281 2068 phialam,
1302 1996 1364 2062 boc,
1379 1996 1450 2067 quod
1471 1995 1688 2068 excogitaverat,
1719 1995 1836 2051 artilleio

205 2081 261 2135 euri
275 2082 340 2146 rarlt,
355 2097 371 2136 a
392 2083 446 2138 Deo
458 2083 576 2140 inueniet
589 2086 746 2153 vindictam,
760 2095 787 2143 et
797 2095 907 2157 peccata
922 2088 993 2144 illius
1045 2095 1232 2155 temperatam.
1247 2085 1333 2153 Quam
1345 2101 1393 2140 rer
1412 2084 1564 2156 indignatos
1576 2083 1666 2140 subito
1678 2083 1793 2156 projecit
1806 2083 1833 2138 in

205 2184 316 2225 serratus
332 2171 479 2227 reservabit
497 2172 698 2244 (truttmunt.
714 2196 724 2228 a
740 2162 903 2244 Quoeootra
918 2178 992 2232 salu-
1044 2176 1225 2246 pavimentum
1248 2193 1254 2228 :
1276 2189 1337 2245 quae
1357 2174 1485 2229 nimirum
1508 2172 1596 2244 pbiala
1620 2173 1774 2230 nullatenus
1793 2183 1836 2230 est

205 2260 290 2314 briter
313 2262 454 2326 admonet,
476 2263 593 2318 iliceos:
617 2281 628 2316 ι
649 2264 781 2335 Relinque
804 2267 927 2342 proximo
948 2277 993 2324 tuo
1044 2261 1192 2337 conducta,
1208 2264 1255 2320 sed
1268 2265 1302 2317 aul
1321 2263 1525 2318 similitudinem
1546 2263 1627 2318 rasis·
1643 2264 1711 2319 aeoei
1724 2261 1767 2318 vel
1789 2279 1835 2317 ar·

114 2343 118 2350 '
205 2351 311 2406 noceuti
326 2359 363 2416 te,
378 2360 407 2406 ut
419 2361 483 2406 tuuc
493 2354 648 2423 deprecanti
665 2356 711 2410 tibi
727 2368 838 2426 peccata
855 2359 993 2413 solvantur
1044 2354 1133 2425 goniei
1146 2363 1253 2424 reperta
1267 2364 1309 2408 est
1321 2368 1354 2408 ex
1368 2351 1484 2422 quodam
1499 2354 1585 2408 latere
1596 2350 1764 2421 complicata.
1782 2350 1834 2405 Fa·

206 2441 300 2512 (itu.)
315 2458 323 2497 r
341 2443 413 2497 rubi
434 2446 589 2513 atorquasi
604 2450 817 2516 argutaeutanrb
834 2448 991 2519 subjungit:
1044 2444 1093 2500 ber
1113 2453 1204 2499 autern
1225 2443 1349 2513 protinus
1369 2440 1485 2511 phialam
1509 2440 1542 2495 de
1555 2439 1710 2509 parimento
1725 2438 1841 2505 leuauit,

209 2550 220 2584 r
235 2529 321 2587 liomo
334 2533 435 2588 bomini
449 2543 538 2589 serrat
551 2536 630 2598 iram,
646 2544 710 2590 era
726 2538 780 2592 beo
793 2538 889 2607 orruerit
904 2541 994 2594 mcde·
1044 2533 1181 2593 rasculum
1203 2533 1237 2590 dc
1257 2533 1318 2589 sinu
1340 2531 1462 2602 protulit,
1477 2537 1505 2587 et
1516 2545 1564 2587 aas
1578 2547 1631 2588 uon
1645 2531 1763 2587 scissura
1778 2530 1839 2586 col-

205 2621 277 2677 lauti
291 2620 321 2677 lo
334 2622 470 2677 bominem
485 2623 600 2678 similem
615 2623 667 2680 sibi
679 2641 733 2681 rou
745 2613 827 2682 babet
840 2628 995 2684 miscricor—
1045 2627 1135 2693 lisam,
1150 2626 1197 2683 scd
1210 2625 1319 2696 oblique
1333 2631 1476 2690 retortum,
1491 2622 1592 2678 metalli
1610 2636 1686 2679 ruore
1703 2621 1832 2678 correxit.

204 2712 776 2786 diurn,ctdepeccatissuisdeprecaturir
792 2716 995 2790 (lividinibus
1045 2718 1102 2774 licre
1124 2717 1195 2774 iacto
1218 2715 1309 2773 Caesar
1331 2713 1490 2781 admiratus,
1513 2711 1581 2768 dixit
1604 2710 1701 2768 artidci
1722 2727 1729 2765 :
1751 2709 1836 2765 Estne

205 2803 287 2858 etiarn
302 2803 375 2861 uelut
397 2804 560 2875 indignando
579 2805 736 2862 subinfert:
754 2826 764 2859 t
782 2808 840 2877 ipse
853 2812 915 2865 duru
930 2826 995 2866 raro
1045 2812 1187 2881 qnisquam
1201 2808 1270 2864 alius
1285 2814 1385 2878 praeter
1406 2814 1447 2870 te,
1461 2802 1507 2875 qul
1529 2803 1601 2859 banc
1621 2801 1751 2860 vitrorum
1765 2799 1836 2856 sciat

204 2892 256 2981 sit·
262 2902 384 2950 reservat
392 2893 473 2961 batn,
485 2904 513 2949 et
525 2895 743 2965 propitiationem
765 2899 834 2968 petit
853 2914 869 2952 a
890 2899 992 2953 neor»
1044 2894 1522 2958 effioerewudiauramtburattaber
1535 2892 1671 2949 munem
1681 2904 1742 2948 esse
1753 2903 1837 2960 super

204 2982 300 3055 (tutu.)
322 2984 357 3040 Et
382 2995 509 3054 tauquam
534 3002 584 3056 pro
599 2987 728 3042 iracundo
739 2989 798 3043 lusa
811 2991 899 3044 oratio
912 3005 993 3044 esau
1047 3004 1146 3047 terram
1168 2997 1267 3060 praeter
1287 3001 1317 3042 se
1334 2985 1440 3050 solum,
1461 2983 1507 3056 qui
1526 2982 1605 3055 hujus
1620 2982 1689 3038 artis
1711 2994 1834 3051 compre·

204 3075 256 3129 diri
273 3087 327 3129 nou
341 3075 439 3140 valeat,
454 3075 541 3131 durren
553 3077 581 3131 in
597 3077 735 3133 iracundia
750 3091 915 3150 perseverat,
928 3095 994 3135 con·
1008 3055 1031 3116 C
1046 3082 1146 3137 iaeudat
1169 3079 1316 3150 ingenium.
1335 3077 1395 3146 Quo
1407 3075 1500 3133 Caesar
1516 3076 1617 3139 andito,
1633 3073 1761 3145 praecepit
1772 3085 1841 3129 cnut.

204 3165 344 3221 uenienter
353 3165 466 3234 adiecit:
476 3186 485 3217 r
497 3163 563 3234 Quis
573 3168 698 3223 exorabit
708 3184 756 3238 pro
768 3168 874 3226 delictis
887 3169 990 3224 illiuslr
1045 3169 1168 3239 protinus
1181 3166 1324 3231 decollari;
1341 3165 1468 3220 nimirum
1482 3172 1620 3235 reputans,
1635 3162 1698 3232 quia
1713 3163 1737 3217 si
1754 3159 1841 3229 hujus

204 3255 299 3328 (Μ)
1040 3261 1111 3315 artis
1131 3255 1266 3330 exquisita
1290 3255 1426 3313 subtilitas
1449 3255 1476 3309 io
1500 3268 1671 3309 coummuem
1694 3251 1838 3308 bominum.
1882 3319 1886 3328 ι

241 3347 275 3403 Ει
295 3348 359 3417 quia
382 3365 443 3404 cum
458 3360 522 3420 apte
535 3351 629 3407 oculos
650 3363 758 3409 rtostros
782 3369 855 3409 mors
878 3354 994 3410 celerius
1045 3352 1168 3406 notitiam
1183 3350 1337 3410 deveniret,
1354 3361 1450 3401 aurum
1471 3352 1666 3432 conspueretur
1683 3351 1712 3397 ut
1734 3342 1837 3406 lotum,

206 3447 319 3493 uentura
333 3438 479 3505 reducitur,
490 3444 612 3511 protirurs
624 3445 770 3500 iracundiae
782 3454 871 3501 tuuror
883 3463 994 3504 necesse
1044 3444 1217 3512 ommiumque
1229 3438 1370 3495 vilesceret
1381 3438 1485 3509 species
1496 3436 1665 3491 metallorum
1678 3451 1686 3489 a
1698 3442 1726 3490 et
1739 3448 1832 3489 revera

204 3539 248 3584 cst
260 3530 432 3601 reprimatur,
446 3542 509 3603 apte
529 3534 709 3589 subnectitur
727 3533 994 3592 ilementonovissi·
1044 3534 1068 3588 si
1080 3542 1136 3588 tam
1150 3530 1254 3602 fragilis
1273 3530 1343 3585 titre
1357 3537 1453 3584 natura
1465 3528 1583 3591 deesset,
1598 3526 1724 3581 videlicut
1743 3524 1835 3579 utdn·

206 3636 329 3685 utrorum,
350 3632 379 3678 οι
402 3612 495 3679 desine
518 3625 670 3690 ioiuuicari;
694 3615 845 3681 mensurare
869 3628 993 3682 timorem
1044 3622 1116 3678 utilis
1135 3620 1241 3687 edecta,
1262 3619 1332 3674 irtus
1354 3617 1476 3674 lerierrtis
1496 3617 1662 3682 adnuittcrct,
1683 3613 1761 3685 cultas
1783 3625 1834 3666 ttu-

206 3712 328 3777 boruiui,
345 3723 373 3768 et
392 3730 450 3792 uon.
466 3716 594 3772 irascaris
613 3718 853 3790 proximo(1bid.).
872 3720 994 3789 ›liupu-
1044 3727 1125 3781 quarn
1147 3705 1248 3766 mctalli
1271 3707 1358 3780 fulgor
1379 3706 1572 3778 perspicaciam
1592 3706 1685 3762 ritrea‘e
1703 3703 1835 3759 claritatis

206 3812 296 3857 orator
310 3802 393 3874 igitur
406 3801 552 3861 iracundiae
568 3805 644 3862 furor
658 3807 685 3862 in
699 3810 791 3874 corde,
807 3820 837 3865 ut
854 3826 993 3881 tamquam
1044 3797 1184 3874 mearet!
1197 3800 1233 3857 llt
1248 3801 1330 3872 igitur
1343 3800 1376 3853 aui
1389 3799 1555 3870 propositum
1569 3807 1748 3878 reuertamur,
1763 3795 1835 3849 sicut

205 3907 381 3964 prortrmpcre
395 3897 478 3965 praesit
492 3896 518 3950 iu
533 3912 637 3952 rocem
654 3898 731 3953 Sicut
743 3909 770 3953 et
789 3900 816 3954 iu
831 3900 995 3958 Ecclesiaste
1044 3894 1144 3947 vitrum
1158 3891 1261 3963 fragilis
1279 3899 1374 3945 natura
1393 3888 1524 3959 dcpretiat
1538 3896 1566 3943 ct
1590 3881 1736 3942 soliditatis
1749 3883 1833 3938 robur

56 4010 66 4028 ·
154 4039 159 4046 ,
204 3985 304 4038 dieitur
319 3999 327 4039 ι
344 4001 355 4037 ι
371 3985 456 4042 luter
470 3986 749 4054 irarndecordetoo,
763 3999 792 4046 et
807 3993 993 4048 autoremali-
1043 3993 1141 4041 catera
1155 3981 1463 4042 mctallacotumcudat;
1482 3980 1519 4035 ita
1533 3994 1582 4050 per
1596 3975 1763 4033 iracundiam
1778 3982 1836 4028 tota

205 4076 270 4129 tim
288 4074 571 4149 quametualliccle.
588 4079 637 4148 rt).
656 4097 665 4130 ι
682 4078 731 4134 irae
745 4082 844 4151 quippe
865 4091 993 4151 tanquam
1044 4074 1173 4131 uirtutum
1186 4081 1324 4129 structura
1337 4069 1491 4135 adlabitur,
1508 4078 1536 4124 ct
1557 4079 1606 4138 per
1626 4063 1774 4136 imperialis
1788 4078 1834 4132 pn-

204 4157 296 4234 rapaci
311 4175 392 4235 atque
405 4168 536 4237 praecipiti
546 4169 653 4224 cuidam
663 4167 754 4234 durio,
769 4170 898 4227 Dumium
912 4172 993 4229 trium
1044 4164 1145 4220 tieaatiae
1159 4161 1325 4231 maiestatem
1342 4161 1486 4217 nitentium
1506 4171 1673 4230 gemmarum
1693 4155 1834 4226 splcmture

205 4254 404 4310 obstamrloram
422 4253 562 4312 sufflamen
581 4259 717 4328 opposuit.
739 4260 768 4314 ln
789 4261 889 4331 quibus
901 4262 995 4334 utique
1043 4267 1187 4312 ωιιιιιιιιιι
1200 4253 1256 4310 beo
1266 4253 1294 4310 in
1305 4249 1382 4309 uobis
1393 4249 1576 4308 babitaculum
1587 4248 1746 4304 lubricatur.
1757 4243 1835 4302 Sicut

205 4344 306 4402 turona
331 4348 459 4415 lntpetum
480 4349 628 4420 disciptinae
654 4350 713 4437 logo
733 4353 913 4410 cohibendum
933 4370 994 4411 esse
1045 4345 1118 4402 mm
1131 4343 1177 4399 5¹¹²
1190 4341 1447 4408 Vlrlulffltmtllfflb
1462 4340 1503 4397 ⁵5⁰
1515 4339 1567 4395 ³⁸¹²
1579 4337 1773 4424 wlldssmlffll·

206 4437 351 4491 mundarit.
366 4422 582 4509 oeol’r'imum
592 4440 835 4509 scilieetiocorde,
846 4445 992 4500 secuudum
1009 4399 1033 4458 ὓ
1302 4451 1384 4524 691
1403 4447 1517 4507 CAPUT
1531 4447 1577 4504 tu.
1670 4449 1673 4456 '

188 4527 233 4617 ,5¹¹
248 4535 367 4597 illlum·
380 4538 545 4597 mmmm
563 4532 741 4600 ⁰ll⁰⁸l¹¹⁰¹¹5⁸
760 4542 860 4589 melam
879 4534 994 4604 llfaeflffl
1045 4551 1142 4606 Brutus
1157 4543 1251 4605 Purus
1266 4550 1411 4604 Dutuiouus
1423 4550 1458 4602 od
1476 4548 1642 4616 t'ructqulium
1654 4562 1753 4618 prosttt
1765 4561 1832 4616 qtte·

204 4617 233 4672 in
252 4634 317 4673 uoec
330 4636 338 4673 t
352 4637 362 4669 u
375 4618 482 4685 Otuuis,
501 4621 600 4689 inqrtit,
620 4622 667 4692 qui
687 4623 814 4679 irascitur
833 4623 911 4680 lratri
932 4641 992 4687 suo,
1310 4619 1387 4671 modu
1407 4619 1566 4678 necteretur.

206 4697 269 4765 reus
291 4712 345 4766 erit
363 4710 482 4778 judicium
499 4730 510 4762 r
534 4712 579 4767 bie
600 4715 725 4782 opposuit
747 4714 851 4770 obiectu
874 4714 964 4788 cordis
984 4733 991 4768 :
1079 4705 1165 4762 Porro
1182 4715 1271 4761 autem
1285 4713 1313 4786 ct
1325 4719 1378 4769 une,
1399 4704 1445 4774 qui
1463 4699 1831 4772 bacutcuuquecouscrtbu,

207 4817 218 4850 ι
242 4800 293 4867 Qui
318 4811 408 4857 autern
430 4803 529 4859 dixerit
553 4806 646 4871 racha,
669 4820 731 4860 rcus
754 4807 807 4860 crit
828 4807 990 4871 concillo;r
1045 4794 1177 4854 naturalis
1190 4792 1336 4848 iracundie
1348 4792 1504 4862 conspersio
1518 4790 1649 4856 stituulat,
1667 4806 1699 4845 ac
1713 4804 1782 4859 saepe
1795 4791 1832 4844 ie·

205 4907 270 4948 ecce
287 4893 457 4950 clanculum
475 4896 614 4967 gutturis:
631 4914 641 4949 t
658 4897 709 4963 Qui
723 4907 812 4951 autem
832 4896 914 4963 latue,
931 4909 994 4951 rens
1043 4885 1153 4941 tissima
1167 4882 1293 4955 quaelibet
1306 4879 1419 4938 offensio
1433 4896 1565 4938 concussa
1590 4895 1658 4937 meae
1671 4879 1770 4951 quictis
1784 4895 1830 4932 ar·-

204 4983 258 5037 erit
278 4982 409 5054 gehenuae
430 4986 501 5058 iguis
521 4985 628 5058 (nuti.
643 4987 687 5052 ai;
707 5006 718 5039 r
741 5002 804 5042 ecce
825 4985 992 5042 obstaculum
1044 4989 1112 5032 cana
1124 4973 1282 5052 perturbat;
1297 4981 1327 5028 ut
1339 4972 1368 5028 lo
1386 4987 1430 5028 me
1451 4969 1620 5044 plerumque,
1642 4972 1714 5043 quod
1730 4965 1773 5023 aia
1792 4975 1832 5023 est

209 5069 291 5127 rucis.
323 5071 371 5128 liae
383 5084 446 5128 sum
462 5074 544 5145 igitur
563 5076 755 5145 oppositiones,
770 5083 800 5130 er
819 5077 896 5147 quast
918 5092 991 5147 φη.
1044 5077 1094 5120 aen
1109 5063 1151 5119 uel
1165 5063 1242 5133 spina
1255 5062 1350 5118 ieviter
1362 5069 1502 5132 punctum,
1528 5063 1666 5133 phalarico
1689 5061 1743 5117 teio
1765 5059 1831 5113 mibi

207 5163 267 5222 daut
285 5173 386 5228 crates,
406 5174 434 5221 ct
455 5166 551 5221 rudera
566 5167 684 5222 coelestis
696 5167 813 5236 imperii,
828 5167 926 5237 quibus
941 5168 993 5221 ira·
1047 5157 1170 5212 uideatur
1187 5172 1248 5216 esse
1263 5152 1426 5227 perfossum·
1442 5155 1539 5212 [retent
1552 5156 1654 5225 uirgam
1671 5152 1761 5220 iudico
1774 5161 1818 5205 1²¹¹

207 5254 312 5310 madiae
331 5270 363 5310 ac
381 5254 481 5310 luroris
504 5257 620 5325 impetos
641 5256 787 5326 premitur;
810 5264 838 5309 ct
860 5271 894 5310 ue
916 5256 993 5325 quasi
1048 5263 1134 5311 team,
1148 5248 1267 5303 tolerans
1288 5247 1429 5317 coiupbmn
1456 5246 1562 5315 suspiro
1582 5242 1757 5316 plumbatam.
1780 5240 1834 5296 Sed

210 5357 291 5416 rapax
305 5344 402 5401 durius
416 5347 551 5402 obviantia
565 5361 678 5417 quaeque
690 5345 837 5411 soluertat,
849 5346 900 5401 sub
914 5345 994 5400 disci·
1048 5342 1106 5396 lame
1125 5342 1298 5403 intrinsecus,
1317 5343 1448 5409 quantum
1465 5353 1528 5392 uero
1547 5338 1581 5391 ad
1604 5350 1682 5405 opus,
1704 5334 1776 5388 «licat
1794 5333 1832 5386 ita

210 5433 288 5502 pliuac
303 5435 441 5490 rationalis
451 5435 553 5506 judicio
563 5437 714 5491 cobibetur.
728 5435 770 5489 Sit
783 5450 848 5506 crgo
859 5449 935 5488 atreus
948 5448 996 5487 uo·
1048 5432 1199 5502 quodvult,
1220 5431 1354 5492 lrcudtut.
1378 5427 1486 5497 lretuat,
1510 5427 1634 5484 dentibus
1656 5425 1768 5482 strideat
1781 5443 1788 5480 :
1804 5425 1832 5481 ln

209 5535 263 5581 stra
283 5543 336 5600 noar
354 5529 431 5595 quasi
450 5529 557 5590 ritrrrut,
571 5528 642 5595 quoti
660 5527 693 5580 ad
712 5527 826 5595 primum
842 5524 993 5595 percussio·
1049 5524 1174 5577 uirtutibus
1187 5523 1230 5576 ltis
1245 5537 1304 5593 quur
1315 5521 1380 5575 utihl
1395 5520 1506 5575 interius
1520 5518 1647 5591 suggerit,
1660 5517 1685 5573 ἱιι
1701 5527 1831 5588 quantum

210 5619 249 5671 uis
271 5621 353 5672 ictum
375 5621 518 5688 imparium
540 5619 681 5685 frangitur,
702 5619 748 5671 suti
772 5617 881 5684 pretiosi
904 5617 992 5683 potius
1051 5631 1149 5683 urgere
1163 5623 1286 5683 potuero,
1301 5631 1389 5669 tttetuu
1404 5611 1571 5668 earu-insecus
1594 5611 1756 5683 adjutorium
1778 5624 1830 5663 uon
