4017 6192
135 210 142 216 ’
219 216 326 307 427

683 241 743 302 Sa
784 239 1008 320 PETRI
1045 237 1369 299 DAMIANI
1410 226 1584 297 OPP.
1609 231 1864 296 TOMUS
1903 230 2047 292 SEU
2086 231 2278 293 PARS
2314 231 2420 293 111.
2454 264 2529 280 -
2563 10 3252 295 effluxum.

3602 237 3707 299 428

202 365 908 440 *constantinopolitanam
956 362 1270 421 Ecclesiam
1323 345 1754 433 contempsisse,
1800 353 2400 435 im-Aillius'audivi.
2434 355 2544 417 Sed
2584 358 2860 432 quoniam
2902 373 3163 432 personae
3202 360 3346 426 istae,
3373 360 3711 423 Desiderius

208 466 457 536 perante
478 456 769 532 religioso,
799 463 972 528 atque
983 452 1263 512 catholico
1286 450 1545 526 principe
1574 448 1921 515 Theodosio,

221 546 486 606 traditur.
519 542 683 613 Quod
710 543 759 601 si
783 540 951 600 nobis
976 540 1120 598 forte
1152 553 1271 596 non
1299 535 1573 605 creditur,
1620 534 1808 608 ipsius
1827 532 1923 591 hic

221 632 484 693 historiae
539 630 709 689 verba
749 636 1081 703 ponantur:
1125 626 1352 695 Sancta,
1401 624 1610 699 inquit,
1663 622 1924 696 synodus

223 720 498 794 Gregorio
549 718 833 791 Deiloquo
897 716 1290 790 episcopatum
1354 711 1927 785 constantinopoleos

221 810 533 879 roboravit,
563 813 617 867 et
642 809 806 865 bunc
826 806 1080 864 invitum
1108 805 1172 863 in
1215 805 1422 861 throno
1463 802 1694 871 locavit,
1731 805 1928 873 utpote

171 935 181 939 —
223 902 480 960 multum
513 898 894 978 laborantem,
921 902 978 954 et
1016 893 1224 954 urbem
1263 909 1297 952 a
1342 892 1579 951 loesione
1624 891 1925 950 haereseon

222 994 584 1055 liberantem.
604 992 880 1065 Cumque
912 988 1210 1047 didicisset
1255 987 1537 1061 quosdam
1563 992 1652 1045 ex
1680 984 1929 1059 AEgypto

162 1097 166 1101 ⁴
224 1082 690 1159 sapientissimus
716 1087 775 1140 et
796 1078 1167 1138 beatissimus
1193 1079 1300 1137 iste
1329 1077 1468 1137 huic
1507 1078 1592 1136 rei
1642 1076 1927 1148 invidere,

223 1170 630 1247 compositorio
683 1183 948 1229 sermone
993 1174 1244 1237 ostenso,
1290 1171 1605 1241 spontanee
1649 1178 1683 1221 a
1723 1164 1930 1223 throno

227 1255 527 1335 regnantis
577 1259 741 1318 urbis
783 1257 1079 1318 abscessit.
1121 1255 1246 1326 Quo
1288 1256 1564 1316 thronum
1619 1256 1926 1326 refutante,

229 1351 561 1412 Nectarium
627 1350 959 1423 imperator,
1023 1353 1079 1406 et
1139 1346 1398 1422 synodus
1451 1345 1739 1421 provehit.
1789 1344 1930 1403 Haec

228 1454 402 1517 porro
430 1454 550 1498 non
581 1443 797 1511 nostra,
837 1435 938 1496 sed
963 1435 1151 1510 ipsius
1175 1434 1435 1493 historiae
1459 1433 1638 1493 verba
1663 1438 1822 1493 sunt.

889 1553 1133 1666 CAPtJT
1175 1604 1281 1663 111.

281 1722 458 1810 ‘Quod
483 1742 681 1797 animae
707 1741 960 1810 ychennae
977 1738 1268 1810 suppliciis
1295 1738 1534 1807 traditae,
1563 1740 1784 1799 Domini

669 1830 860 1887 diebus
882 1830 1171 1898 refrigerio
1195 1829 1506 1901 potiuntur.

308 1964 464 2024 Illud
491 1965 687 2036 etiam,
713 1965 870 2039 quod
890 1962 1199 2024 Humberti
1223 1965 1661 2042 archiepiscopi,
1689 1977 1938 2025 summae

235 2053 503 2113 videlicet
527 2053 883 2114 auctoritatis
910 2052 1043 2126 viri,
1091 2055 1423 2114 narratione
1466 2054 1728 2130 cognovi,
1763 2052 1938 2112 silen-

237 2141 317 2202 tio
339 2143 681 2201 tradendum
710 2157 834 2221 esse
870 2155 989 2198 non
1020 2140 1285 2200 arbitror.
1318 2141 1465 2200 Nam
1494 2157 1630 2201 cum
1655 2157 1690 2200 a
1717 2140 1938 2204 finibus

235 2240 621 2293 reverteretur
667 2231 919 2306 Apuliae‚
962 2232 1252 2291 asserebat
1298 2232 1361 2291 in
1411 2232 1746 2306 regionibus
1804 2245 1938 2306 quae

236 2322 496 2385 Puteolis
514 2324 800 2399 adJ'acent,
830 2324 983 2383 inter
1004 2337 1185 2397 aquas
1211 2323 1411 2397 nigras
1456 2330 1513 2382 et
1548 2323 1771 2393 fetidas,
1800 2335 1938 2411 pro-

235 2412 594 2474 montorium
630 2414 887 2472 eminere
917 2427 1192 2471 saxosum
1222 2419 1278 2471 et
1301 2426 1631 2487 scrupeum.
1668 2411 1760 2469 Ex
1800 2408 1936 2486 qui-

229 2497 343 2559 bus
391 2499 660 2559 videlicet
712 2498 1139 2560 exhalantibus
1207 2499 1379 2573 aquis
1441 2506 1717 2560 consueto
1779 2513 1940 2558 more

235 2589 550 2650 teterrimae
592 2589 866 2648 videntur
912 2587 1158 2649 aviculae
1191 2593 1425 2663 repente
1465 2604 1834 2662 consurgere,
1883 2594 1941 2647 et

234 2699 268 2743 a
295 2678 620 2756 vespertina
655 2679 891 2740 Sabbati
932 2681 1074 2740 hora
1108 2696 1293 2754 usque
1335 2678 1408 2738 ad
1438 2687 1630 2740 ortum
1667 2678 1937 2738 secundae

231 2775 416 2845 feriae,
445 2773 632 2832 solitae
664 2778 801 2831 sunt
831 2771 1112 2831 humanis
1134 2770 1459 2843 aspectibus
1488 2785 1778 2844 apparere.
1815 2769 1940 2839 Quo

231 2859 449 2919 indulti
485 2859 759 2933 temporis
796 2857 979 2932 spatio
1004 2857 1283 2915 videntur
1312 2857 1451 2915 hinc
1482 2855 1620 2915 inde
1646 2872 1749 2930 per
1779 2872 1942 2917 mon·

234 2954 351 3006 tem
377 2946 540 3006 velut
570 2945 776 3004 solutae
807 2943 1060 3003 vinculis
1084 2943 1268 3003 libere
1298 2945 1550 3019 spatiari.
1583 2944 1721 3004 Alas
1740 2949 1940 3003 exten-

233 3035 398 3106 dunt,
432 3034 684 3107 ‘plumas
737 3039 921 3091 rostro
968 3038 1354 3107 prosequente
1397 3034 1726 3107 depectunt,
1777 3038 1833 3091 et
1874 3032 1936 3090 in

233 3129 519 3199 quantum
562 3123 736 3182 datur
779 3121 1049 3196 intelligi,
1092 3135 1360 3181 concessa
1388 3123 1460 3179 ad
1500 3126 1727 3196 tempus
1768 3118 1938 3178 retri-

231 3214 379 3290 gerii
416 3226 477 3273 se
504 3211 924 3287 tranquillitate
971 3210 1292 3273 resolvunt.
1340 3210 1483 3283 Quae
1534 3211 1786 3287 profecto
1832 3226 1939 3271 vo-

230 3302 420 3361 lucres
463 3316 570 3360 nec
598 3316 862 3375 unquam
891 3299 1169 3360 videntur
1195 3302 1369 3370 vesci,
1406 3317 1515 3362 nec
1538 3300 1803 3377 quolibet
1828 3316 1937 3362 au-

90 3363 98 3372 ·
132 3396 141 3400 ’
228 3394 407 3468 cupis'
430 3392 630 3454 valent
660 3392 900 3469 ingenio
929 3390 1077 3467 capi.

303 3482 700 3544 Diluoescente
730 3481 911 3556 igitur
939 3478 1228 3539 matutina
1266 3478 1537 3539 secundae
1584 3478 1746 3537 feriae
1774 3477 1938 3548 hora,

2005 443 2275 502 videlicet
2319 450 2377 502 et
2422 444 2798 517 HumbertuS,
2841 451 3015 506 tantae
3056 448 3412 508 auctoritatis
3462 449 3581 508 sint
3645 457 3709 509 ut

1975 530 2202 615 ,neutri
2254 547 2456 590 eorum
2506 533 2647 613 fides
2694 533 2895 592 debeat
2941 533 3236 609 denegari,
3290 550 3397 608 ego
3448 550 3706 611 quoque,

2006 618 2161 692 quod
2195 619 2418 695 scripsi,
2449 622 2759 694 procaciter
2799 628 2915 681 tion
2957 622 3202 694 affirmo,
3234 624 3335 683 sed
3376 633 3578 685 utrum
3609 642 3714 685 ve·

2007 720 2143 766 rum
2175 706 2247 765 sit
2277 724 2478 780 necne,
2511 708 2828 782 legentium
2862 710 3232 784 inquisitioni
3259 711 3713 784 relinquendum

2007 810 2133 854 esse
2157 797 2425 857 decerno.
2781 815 2787 821 ·
3476 850 3496 864 .

2080 884 2155 943 Ut
2179 886 2360 960 igitur
2390 886 2537 946 illud
2563 886 2831 959 inferam,
2857 894 3089 963 propter
3109 888 3266 963 quod
3295 890 3406 948 ista
3433 888 3713 963 praemisi,

2009 977 2335 1052 episcopus,
2401 980 2502 1053 qui
2554 986 2765 1052 tamen,
2838 978 2888 1037 si
2961 987 3113 1039 recte
3189 987 3375 1051 teneo,
3465 979 3717 1054 Capraeis

2010 1071 2276 1138 praeerat,
2310 1066 2457 1124 vidit
2484 1068 2761 1141 majorem
2784 1066 3163 1126 Benedictum
3211 1081 3437 1141 papam,
3472 1066 3573 1139 qui
3592 1066 3719 1139 jam

2010 1153 2248 1228 obierat,
2297 1156 2466 1230 nigro
2514 1171 2667 1232 equo
2711 1157 2880 1230 quasi
2927 1156 3302 1231 corporaliter
3344 1155 3715 1214 insidentem.

2011 1241 2476 1317 Cumque-illum
2503 1250 2757 1318 coeptum
2785 1246 2896 1303 iter
2943 1261 3179 1320 carpere
3223 1251 3502 1318 cerneret,
3532 1243 3718 1318 Heus,

2012 1332 2228 1405 inquit,
2249 1347 2445 1391 nonne
2471 1340 2531 1393 tu
2551 1348 2613 1391 es
2631 1348 2775 1407 papa
2800 1331 3161 1404 BenedictuS,
3178 1349 3354 1409 quem
3373 1334 3718 1393 defunctum

2012 1420 2239 1496 liquido
2280 1421 2553 1480 novimus
2582 1421 2609 1477 ἱ)
2652 1420 2802 1495 Ipse,
2842 1421 3056 1497 inquit,
3092 1420 3303 1480 infelix
3327 1436 3435 1493 ego
3464 1436 3615 1481 sum.
3647 1418 3723 1480 Et

2015 1509 2118 1569 ille
2145 1533 2158 1568 ε
2188 1508 2485 1579 Quomodo
2506 1508 2610 1567 tibi
2642 1515 2746 1579 est,
2780 1508 2977 1567 Pater?
3006 1507 3319 1580 Gravibus,
3344 1510 3443 1580 ait,
3475 1515 3726 1568 tormen·
3791 1514 3798 1520 ·

2018 1599 2094 1658 tis
2120 1597 2356 1669 afficior,
2387 1614 2488 1673 spe
2529 1605 2742 1671 tamen,
2779 1598 2830 1657 si
2870 1596 3225 1671 adJ'utorium
3275 1598 3617 1672 praebeatur,
3649 1597 3725 1657 de

1785 1740 1862 1794 cis
1950 1704 2150 1773 Bmea
2194 1690 2625 1764 recuperatione
2658 1704 2779 1748 non
2835 1689 3079 1763 privor3
3126 1688 3225 1749 sed
3254 1704 3443 1765 perge,
3499 1705 3723 1767 quaeso,

2019 1780 2092 1838 ad
2139 1779 2376 1838 fratrem
2415 1795 2612 1841 meum
2655 1780 2965 1851 Joannem,
2996 1780 3102 1856 qui
3149 1797 3309 1840 nunc
3352 1782 3723 1856 apostolicam

2020 1874 2257 1942 occupat
2284 1868 2500 1941 sedem,
2528 1868 2700 1942 eique
2727 1883 2856 1928 mea
2885 1868 3135 1939 functus
3164 1868 3448 1943 legatione
3489 1870 3723 1930 denun-

2020 1957 2121 2031 tia,
2160 1968 2227 2020 ut
2246 1959 2405 2018 illam
2435 1960 2801 2033 potissimum
2829 1975 3141 2030 summam,
3183 1976 3316 2034 quae
3352 1961 3413 2019 in
3443 1960 3539 2019 tali
3560 1960 3727 2019 theca

2023 2048 2373 2119 reconditur,
2405 2049 2467 2107 in
2493 2063 2773 2124 pauperes
2820 2064 2923 2123 pro
2951 2064 3081 2108 mea
3126 2049 3312 2109 salute
3364 2049 3671 2110 distribuat
3702 2072 3719 2120 ;

2020 2139 2217 2213 sicque
2260 2153 2355 2197 me
2398 2139 2800 2198 redimendum
2842 2155 2986 2212 esse,
3020 2140 3490 2215 quandocunque
3530 2148 3724 2200 tamen

2018 2225 2128 2285 hoc
2148 2225 2407 2285 decrevit
2435 2224 2729 2284 miseratio
2774 2226 2994 2297 divina,
3026 2234 3347 2301 cognoscat.
3379 2227 3527 2293 Nam
3554 2235 3723 2289 caete·

2018 2332 2103 2386 ra,
2158 2332 2293 2391 quae
2331 2331 2435 2391 pro
2488 2332 2583 2375 me
2634 2322 2772 2376 sunt
2829 2317 3231 2391 indigentibus
3288 2318 3515 2390 tradita,
3574 2320 3726 2378 mibi
3805 2395 3819 2402 ⁹

2021 2405 2172 2466 nibil
2215 2408 2453 2480 penitus
2505 2407 2869 2482 profuerunt,
2918 2407 3056 2481 quia
3097 2406 3170 2466 de
3220 2407 3441 2482 rapinis
3479 2414 3615 2467 sunt
3666 2412 3729 2467 et

2020 2497 2328 2571 injustitiis
2385 2496 2687 2572 acquisita.
2729 2497 2837 2557 His
2880 2496 3061 2572 igitur
3109 2496 3344 2569 auditis,
3421 2497 3728 2572 episcopus

2022 2583 2267 2642 Romam
2305 2584 2554 2659 impiger
2587 2584 2750 2655 adiit,
2788 2582 2999 2642 Joanni
3035 2600 3196 2658 papae
3233 2585 3493 2643 defuncti
3530 2582 3729 2642 fratris

2019 2676 2195 2735 verba
2258 2675 2536 2748 narravit,
2599 2673 2939 2749 episcopalis
3002 2689 3142 2734 mox
3201 2675 3447 2733 sarcinae
3497 2674 3729 2748 pondus

2019 2763 2246 2838 abjecit,
2274 2765 2630 2825 monachum
2662 2763 2872 2836 induit,
2901 2778 3085 2838 eoque
3124 2763 3294 2823 modo
3318 2764 3565 2824 salutem
3600 2762 3728 2823 sibi

2022 2868 2096 2911 ex
2123 2851 2315 2911 aliena
2346 2852 2669 2912 calamitate
2703 2851 2974 2926 providit.

2093 2943 2175 3001 De
2193 2943 2494 3019 aequivoco
2521 2959 2755 3019 quoque
2802 2942 3066 3017 ejusdem
3093 2943 3391 3003 Benedicti
3419 2956 3583 3017 papae
3607 2942 3722 3016 (11)

1960 3038 2197 3133 Catque
2222 3040 2449 3107 nepote,
2496 3034 2600 3108 qui
2638 3040 2766 3109 post
2808 3047 2945 3093 eum
2990 3033 3213 3105 tertius,
3262 3035 3474 3117 Joannj
3512 3049 3723 3095 secun·

2021 3125 2133 3184 dus
2156 3124 2221 3182 in
2242 3123 2523 3183 Romanae
2550 3122 2702 3182 sedis
2731 3122 3033 3183 invasione
3058 3124 3353 3195 successit,
3392 3123 3549 3183 idem
3575 3123 3728 3184 mihi

2020 3212 2280 3273 narravit
2316 3212 2710 3283 Humbertus3
2740 3212 2877 3288 quia
2905 3227 3107 3272 vassus
3157 3213 3398 3288 quidam
3435 3213 3578 3273 dum
3618 3213 3732 3272 iter

2020 3311 2229 3379 ageret,
2280 3303 2487 3362 accidit
2520 3309 2587 3362 ut
2623 3302 2793 3376 juxta
2830 3301 3229 3361 molendinum
3272 3317 3424 3377 equo
3464 3301 3729 3380 insidens

2021 3391 2450 3468 pertransiret;
2520 3406 2651 3450 ecce
2730 3396 2965 3465 repente
3061 3398 3391 3451 monstrum
3466 3390 3731 3451 immane
3827 3454 3836 3459 ,

2022 3479 2344 3555 conspexit,
2381 3495 2498 3553 quo
2544 3480 2672 3538 viso
2702 3473 3119 3541 subitus‘eum
3171 3488 3355 3540 terror
3398 3482 3634 3552 invasit,
3667 3489 3730 3543 et

126 3645 140 3651 ο
228 3589 359 3634 ecce
389 3589 638 3647 magnus
682 3572 754 3631 ad
785 3572 969 3631 instar
1006 3569 1258 3630 vulturis
1286 3584 1497 3628 corvus
1522 3572 1650 3641 post
1673 3568 1942 3648 praefatas
2024 3571 2377 3645 stupefactus
2409 3569 2732 3650 intremuit.
2792 3571 3109 3632 Videbatur
3150 3579 3349 3633 autem
3399 3579 3727 3633 monstrum

227 3664 493 3724 aviculas
531 3661 738 3736 incilit
775 3676 1029 3720 concava
1076 3666 1313 3734 gutture
1359 3657 1613 3731 graviter
1643 3657 1936 3717 crocitare.
2023 3659 2174 3720 illud
2202 3659 2264 3718 in
2292 3675 2465 3719 aures
2497 3659 2782 3720 duntaxat
2824 3661 2984 3720 aselli
3036 3661 3397 3737 caudamque
3437 3663 3725 3736 desinere,

230 3751 353 3811 111ae
405 3751 675 3827 protinus
710 3765 834 3809 sese
885 3748 1053 3823 aquis
1101 3749 1507 3823 immergentes
1558 3746 1938 3817 abscondunt,
2025 3754 2230 3807 caetera
2269 3763 2447 3807 ursus
2475 3752 2617 3806 erat.
2650 3748 2912 3829 Cumque
2940 3749 3126 3808 viator
3148 3750 3221 3809 ad
3259 3751 3369 3810 hoc
3394 3758 3729 3826 portentum

226 3856 334 3900 nec
353 3840 506 3901 ultra
530 3838 810 3899 videndas
838 3853 900 3897 se
925 3836 1202 3896 humanis
1229 3836 1416 3896 oculis
1442 3835 1714 3906 offerunt,
1761 3836 1944 3894 donec
2026 3842 2260 3897 territus
2295 3835 2694 3911 obrigesceret,
2725 3838 3039 3914 fugamque
3068 3839 3417 3913 praecipitem
3459 3839 3732 3900 formido-

228 3929 739 4003 advesperascente
783 3928 907 4003 jam
946 3924 1182 3986 Sabbati
1210 3924 1323 3996 die,
1370 3925 1442 3984 de
1486 3924 1789 3999 sulphurei
1835 3929 1943 3983 sta·
2025 3925 2183 3986 losus
2215 3925 2407 4008 iniret,
2436 3925 2686 3983 informe
2710 3924 3038 3999 prodigium
3054 3926 3334 3986 humanae
3362 3926 3519 3986 vocis
3552 3927 3733 3987 verba

224 4019 329 4096 gni
357 4019 634 4094 voragine
658 4033 866 4077 rursus
893 4023 1219 4091 emergunt.
1250 4004 1417 4075 Unde
1438 4015 1715 4075 nonnulli
1740 4015 1965 4091 perhi-'
2026 4011 2337 4073 formavit:
2371 4011 2525 4083 Noli,
2551 4012 2777 4089 inquit,
2808 4028 2844 4072 o
2887 4013 2997 4086 vir,
3047 4028 3433 4089 expavescere
3464 4032 3481 4088 ;
3535 4016 3730 4076 homi-

226 4114 367 4171 bent
393 4126 490 4170 eas
531 4109 839 4169 hominum
868 4122 992 4167 esse
1021 4105 1247 4164 animas
1289 4104 1599 4164 ultricibus
1654 4106 1939 4179 gehennae
2023 4119 2159 4163 nem
2185 4119 2280 4163 me
2306 4103 2448 4163 olim
2480 4104 2684 4174 fnisse,
2716 4104 2865 4163 sicut
2892 4110 2948 4162 et
2993 4104 3117 4178 ipse
3170 4120 3329 4164 nunc
3381 4121 3465 4176 es,
3525 4106 3731 4180 procul

227 4196 528 4271 suppliciis
591 4197 913 4271 deputatas
970 4192 1113 4263 Quae
1162 4194 1448 4252 nimirum
1489 4192 1719 4267 reliquo
1765 4194 1942 4253 totius
2023 4192 2202 4252 dubio
2247 4192 2447 4263 crede;
2495 4191 2593 4250 sed
2642 4194 2781 4266 quia
2831 4192 3147 4251 bestialiter
3205 4193 3352 4264 vixi,
3412 4200 3541 4267 post
3592 4193 3733 4254 vitae

229 4284 610 4345 hebdomadae
662 4290 918 4358 tempore
967 4282 1322 4352 cruciantur,
1375 4280 1682 4341 Dominico
1744 4288 1939 4341 autem
2025 4281 2205 4340 linem
2259 4279 2460 4339 bestiae
2509 4280 2760 4354 perferre
2808 4280 3057 4354 speciem
3116 4279 3325 4338 merui.
3380 4280 3554 4340 Porro
3594 4296 3733 4340 cum

187 4371 328 4434 'die
362 4387 501 4431 cum
538 4370 936 4448 adjacentibus
966 4369 1118 4430 ultro
1172 4369 1435 4443 citroque
1490 4368 1780 4439 noctibuS,
1838 4384 1943 4443 pro
2027 4369 2126 4429 ille
2178 4369 2555 4445 perquireret,
2616 4370 2748 4443 quis
2800 4369 3058 4428 fuisset:
3122 4368 3264 4444 Ego,
3311 4368 3413 4440 ait,
3464 4368 3563 4428 ille
3604 4370 3736 4429 solo

240 4460 554 4521 [lerninicre
585 4460 1027 4521 resurrectionis
1053 4459 1259 4533 gloria,
1285 4458 1587 4533 refrigerio
1615 4424 2007 4533 potiuntur.D
2027 4459 2267 4517 nomine
2295 4457 2645 4517 Benedictus
2672 4457 2776 4528 fui,
2809 4457 2912 4532 qui
2966 4474 3153 4533 nuper
3206 4457 3536 4534 apostolicae
3569 4460 3731 4519 sedis

236 4553 337 4609 tin·
369 4553 586 4609 :zu-ilicet
609 4549 914 4609 assertioni
962 4552 1135 4608 etiam
1184 4547 1535 4608 Prudentius
1571 4548 1786 4609 nobilis
1822 4566 1946 4609 ver·
2026 4548 2246 4623 apicem
2267 4547 2550 4623 indignus
2576 4547 2827 4607 obtinui.
2858 4548 3182 4624 Inquisitus
3208 4557 3423 4622 autem,
3452 4551 3591 4625 quid
3608 4552 3735 4626 jam

236 4645 485 4697 silit-amr
525 4645 585 4701 in
613 4640 971 4715 hymnorum
1006 4654 1248 4699 suorum
1279 4637 1940 4715 opusculisfflttestatur.
2029 4637 2430 4697 retributionis
2459 4637 2697 4697 haberet
2725 4657 2738 4697 ε
2794 4637 2963 4697 Nunc
2994 4637 3255 4713 quidem,
3293 4640 3505 4715 inquit,
3549 4655 3738 4715 usque

236 4729 345 4789 timi
381 4749 509 4789 enin
541 4733 664 4789 haec
699 4729 770 4787 de
811 4726 1075 4799 aviculis,
1110 4733 1166 4786 et
1197 4742 1371 4787 corvo
1418 4727 1569 4786 inter
1620 4742 1802 4803 aquas
1848 4728 1944 4787 ni·
2028 4727 2112 4788 ad
2123 4728 2330 4804 judicii
2356 4728 2508 4788 diem
2563 4745 2665 4803 per
2700 4730 2966 4799 dumosa,
3020 4736 3193 4803 atque
3239 4728 3587 4804 squalentia,
3632 4744 3737 4804 per

236 4841 365 4897 gius.
413 4821 724 4893 aliqnando
770 4818 1206 4896 apparentibus,
1245 4817 1560 4893 aliquando
1602 4835 1665 4878 se
1698 4820 1942 4879 abscon·
2029 4817 2346 4891 sulphurea
2384 4816 2523 4884 loca,
2565 4823 2621 4875 et
2662 4818 2870 4877 fetores
2914 4817 3268 4890 exhalantia,
3309 4824 3484 4892 atque
3529 4818 3737 4877 ineen-

236 4913 529 4981 tlasntilms,
560 4912 624 4971 in
656 4912 866 4986 pagina
889 4909 1281 4984 digessissem,
1328 4908 1636 4985 religiosus
1666 4910 1947 4969 Casinen-
2029 4904 2142 4964 diis
2189 4904 2554 4978 conflagrata,
2595 4904 2788 4977 rapior
2836 4909 2891 4963 et
2942 4905 3292 4979 pertrahor3
3357 4911 3488 4980 post
3539 4908 3734 4963 extre-

240 5021 317 5061 ξιξ-ι
365 5000 698 5062 rtnnnasterii
749 5001 926 5059 abbas
980 4998 1318 5059 Desiderius
1374 4999 1642 5070 advenit,
1707 5014 1948 5074 seseque

244 5109 361 5149 mn
397 5109 473 5149 sn·
517 5090 727 5149 habere
758 5087 1023 5147 funditus
1068 5086 1397 5159 abnegavit.
1445 5087 1710 5161 Cumque
1750 5088 1945 5161 illum,

240 5193 293 5237 rt
329 5185 737 5251 flambertum,
770 5169 1610 5249 meum‘videlicetrelatorem,
1646 5179 1707 5237 in
1743 5187 1949 5239 mutua

240 5273 529 5345 relinquis
553 5268 950 5337 deduxissem,
989 5264 1354 5326 Humbertus
1384 5262 1464 5322 ait
1495 5282 1509 5321 :
1561 5264 1684 5339 Ego
1710 5265 1947 5340 quidem

248 5365 425 5433 hujus
453 5349 814 5435 allegationis
849 5355 1245 5430 testimonium
1274 5368 1393 5413 non
1421 5354 1688 5426 defendo,
1715 5371 1948 5415 verum-

248 5461 429 5505 tzmnsn
489 5453 592 5509 linc
623 5447 962 5523 simpliciter
993 5444 1190 5518 retuli,
1226 5440 1374 5499 426
1414 5445 1571 5518 quod
1612 5446 1686 5513 ab
1736 5446 1946 5504 accolis

309 5647 345 5697 [l
369 5645 409 5705 η.
449 5645 571 5705 ΗΜ
595 5641 830 5698 nominis
855 5639 1146 5698 undecimi.
1172 5622 1183 5632 ⁶

2030 5012 2193 5056 mum
2222 5011 2358 5055 vero
2375 4994 2685 5068 judicium,
2726 5008 2933 5067 corpus
2957 5008 3154 5053 meum
3185 4993 3361 5053 simul
3396 5000 3452 5053 et
3474 4994 3735 5052 animam

2030 5085 2476 5146 irremediabilis
2514 5084 2823 5154 cruciatus,
2862 5091 2918 5142 et
2954 5083 3299 5158 gehennalis
3334 5082 3610 5143 barathri
3641 5098 3737 5142 me

2030 5171 2422 5233 irrevocabilis
2453 5169 2569 5231 olla
2594 5170 2894 5244 deglutiet,
2923 5170 3002 5229 ita
3027 5176 3092 5229 ut
3115 5169 3281 5231 nulla
3317 5171 3465 5230 mihi
3495 5184 3736 5244 recupe-

2032 5262 2272 5321 rationis
2325 5276 2455 5335 spes
2505 5260 2567 5318 in
2626 5266 2920 5334 posterum
2974 5263 3169 5327 restet.
3221 5258 3354 5317 Post
3393 5259 3516 5328 haec
3573 5272 3731 5328 vero,

2031 5357 2089 5411 et
2113 5352 2451 5426 hujusmodi
2478 5350 2652 5410 verba
2676 5349 2978 5424 disparuit.
3024 5347 3139 5408 Sed
3166 5364 3302 5408 cum
3346 5365 3471 5425 ego.
3502 5363 3608 5409 cur
3633 5346 3735 5406 ille

2030 5441 2087 5521 in
2124 5443 2231 5501 hac
2275 5441 2462 5516 specie
2500 5447 2837 5514 conspectus
2867 5438 2962 5512 sit,
2994 5438 3326 5512 indaginem
3355 5455 3574 5532 quaero,
3612 5453 3727 5497 non
