4017 6192
280 298 333 359 ⁹83

269 4284 398 4341 neonium
434 4300 461 4338 ar
496 4295 620 4353 spectare
649 4299 748 4340 censeo
781 4300 795 4338 r

735 297 764 352 S.
784 296 884 353 burin
904 299 1045 358 beruldi
1062 302 1136 360 OPP.
1154 302 1273 365 lobiis
1294 305 1361 364 sbti
1380 306 1470 362 PARS
1484 304 1528 360 lll.

423 408 456 464 Ut
471 408 590 478 quietem
605 419 665 476 post
675 408 851 478 praecinetnm

421 497 525 554 debeas
535 499 650 554 enrcrito
663 515 672 552 t

421 588 513 659 Teque
528 603 635 644 mercar
650 592 733 660 potirr

396 698 405 713 ·
425 677 490 735 Siue
501 680 555 735 line
567 682 689 750 praernio.
705 685 803 738 dinen.

325 768 475 825 ccxxvii.
495 770 642 842 ththurrrr
655 774 683 827 in
696 785 807 829 moriem
819 772 942 831 Widonir
956 775 1026 847 (θὲ),

454 862 577 918 Audistis
594 864 722 936 quiddam
737 866 844 921 noviter

419 950 558 1007 accidisse
570 952 727 1021 pemioiter.

419 1039 560 1097 Widonern
574 1041 789 1100 illustrissimum

422 1131 516 1187 llurtis
533 1133 645 1189 solvisse
658 1134 789 1191 debiturn.

456 1224 561 1294 Proprii
576 1227 618 1282 sui
633 1227 728 1281 militis

418 1313 609 1369 Circurmlatus
625 1314 739 1375 insidiis.

328 1466 330 1469 ,
419 1405 487 1459 lium
502 1406 588 1460 hostis
602 1416 710 1475 captum
726 1405 829 1470 unuin.

417 1499 511 1568 Capite
525 1498 621 1570 plerus
632 1499 748 1554 corruit.

454 1589 520 1642 llum
536 1602 607 1657 cipro
624 1587 706 1656 coepit
721 1601 807 1643 ruere

420 1677 548 1733 Secunde
562 1677 650 1733 lossus
663 1677 786 1745 uulnere,

375 1758 377 1763 ’
419 1769 453 1825 lii
465 1770 519 1823 duo
534 1777 650 1840 purgent
666 1767 781 1824 uulnera

343 1848 346 1852 ⁴
419 1858 757 1914 llerrtisetearnisritia.

452 1950 492 2005 lle
505 1951 615 2006 daretur
627 1949 798 2007 daemonibus

419 2041 588 2097 cruciandus
608 2041 727 2104 diutius,

418 2132 502 2186 itarnr
516 2146 626 2189 suorum
642 2132 784 2198 manibus,

419 2221 454 2278 dr
468 2224 600 2278 moriatur
616 2223 707 2278 eitius.

449 2313 568 2378 Christo,
586 2315 632 2382 qni
642 2313 699 2382 jam
712 2330 764 2369 non
777 2314 899 2385 judicat,

419 2403 476 2458 lice
488 2403 607 2459 damnas
616 2405 644 2459 in
656 2413 828 2475 perpetuum,

415 2491 456 2547 Sit
468 2492 581 2549 Widoni
593 2495 754 2560 remedium,

417 2584 496 2653 Quod
512 2584 556 2642 bie
570 2585 630 2641 tulit
644 2585 825 2657 supplicium.

409 2666 412 2677 '
452 2676 543 2731 Prosit
555 2677 599 2740 ei.
614 2677 753 2747 piissime..

414 2768 490 2845 Quod
506 2769 610 2827 studuit
622 2771 741 2827 inrisere

412 2858 484 2915 Loca
496 2859 737 2929 persacratissima

415 2950 499 3022 iligna
516 2951 555 3007 tui
569 2952 728 3021 praesentia.

446 3038 571 3110 Praesepe
590 3048 665 3094 tuum
678 3031 793 3095 cernere

413 3128 482 3196 Quid
497 3138 551 3195 est,
563 3128 615 3183 nisi
631 3136 657 3185 te
671 3129 784 3185 eredere

316 3221 318 3226 '
415 3217 513 3275 Natura
528 3219 564 3275 ibi
579 3219 614 3276 de
626 3220 737 3291 Virgine

416 3309 517 3367 Verum
530 3309 620 3366 lumen
634 3310 801 3367 delumine?

340 3386 342 3391 ¹
446 3400 600 3457 Gloriosum
615 3401 750 3472 inspicere

419 3492 508 3546 'laum
521 3492 687 3561 sepulerum⁸
699 3493 831 3557 liomiuer

375 3632 384 3655 ,
415 3582 485 3650 Quid
498 3590 549 3645 est,
566 3583 673 3639 nivere
686 3585 799 3639 eredere

412 3672 451 3729 'l'e
464 3674 619 3729 surrexisse
628 3688 663 3730 err
675 3674 760 3729 inde?

450 3763 520 3819 lium
537 3778 615 3820 mons
628 3764 711 3821 Olina
721 3765 873 3831 scanditur,

410 3854 500 3913 (Icelos
510 3856 616 3913 redisse
631 3856 751 3913 crederis
765 3873 773 3913 ε

301 3998 305 4005 .
327 4022 331 4029 ¹
412 3946 497 4005 Parce
515 3947 776 4017 Widoul,liouriue,

1262 413 1338 470 'lunc
1352 431 1413 469 eum
1427 413 1509 483 juder
1526 414 1651 469 redieris.

1298 504 1438 560 lliesemel
1453 514 1535 574 atque
1551 505 1650 560 iterum
1690 548 1698 560 .

1264 595 1350 650 'lnum
1364 597 1442 667 petiit
1459 595 1604 663 tumulum,

1263 685 1437 742 deliberabat
1459 687 1542 743 tertio

1258 775 1363 833 indulto
1375 778 1427 834 sibi
1443 779 1569 832 termino.

1298 866 1355 924 lloe
1367 868 1394 924 in
1409 866 1506 925 affectu
1519 869 1628 934 babuit,

1263 957 1293 1013 Si
1307 959 1334 1013 in
1349 955 1448 1014 eueeru
1464 973 1518 1014 non
1533 961 1633 1030 potuit,

1261 1045 1324 1101 Pari
1340 1048 1459 1118 repende
1474 1064 1598 1113 minuere,

1260 1133 1353 1192 Gratis
1365 1136 1477 1207 largitor
1489 1138 1594 1209 gratiae.

1303 1225 1404 1283 Locum
1417 1228 1504 1282 beata
1520 1227 1639 1299 Virginis

1262 1312 1332 1369 l’uto
1347 1316 1413 1370 orbe
1426 1316 1608 1373 clarissimum

1263 1403 1380 1475 Supplex
1396 1405 1553 1476 ireqnenter
1570 1409 1648 1478 adiit,

1267 1493 1393 1551 Exsoluit
1407 1508 1437 1550 ut
1451 1499 1550 1567 potuit.

1305 1589 1497 1659 Apostolorum
1513 1591 1626 1662 grandia

1265 1677 1342 1750 Saepe
1353 1694 1480 1748 qua-rens
1491 1679 1629 1752 suilragia,

1267 1770 1303 1827 lli
1321 1786 1413 1842 spero,
1425 1773 1485 1842 plns
1497 1789 1579 1843 quam
1591 1774 1678 1832 rietes

1225 1856 1237 1892 ’
1263 1866 1378 1922 Romam
1393 1870 1466 1924 venit
1480 1879 1507 1924 et
1522 1868 1676 1940 quinquies.

1299 1956 1373 2023 Qdos
1390 1954 1527 2026 adjutores
1544 1956 1633 2029 petiit,

1269 2050 1424 2104 advocatos
1436 2051 1591 2116 constitnit,

1264 2140 1363 2210 Eisqne
1376 2139 1441 2194 dum
1457 2138 1590 2208 srrperlnit

1265 2231 1376 2303 Suoque
1390 2245 1419 2286 se
1438 2232 1464 2286 ri
1484 2232 1607 2287 cumulir.

1296 2325 1366 2379 Dicit
1379 2324 1413 2379 de
1429 2341 1462 2380 eo
1473 2321 1571 2394 aliquis
1584 2343 1591 2355 ·

1259 2414 1377 2470 lilmlurn
1394 2414 1442 2468 luit
1455 2414 1575 2485 lragllis;

1260 2509 1294 2565 lit
1305 2524 1357 2581 ego
1366 2508 1428 2589 dico
1438 2508 1585 2581 plurinnnu

1263 2602 1347 2657 licum
1363 2607 1424 2664 esse
1435 2599 1595 2673 propitium.

1295 2692 1440 2748 Sinistrum
1456 2691 1569 2761 quidde
1583 2691 1674 2764 aliquo

1258 2783 1314 2853 ligo
1328 2784 1420 2838 dicere
1438 2798 1560 2851 nequeo,

1262 2871 1347 2939 llnjns
1361 2873 1458 2940 scripsi
1474 2871 1581 2935 itinera.

1261 2960 1325 3026 Qnae
1338 2970 1401 3015 sunt
1420 2962 1446 3016 in
1462 2970 1539 3030 parte
1552 2963 1674 3017 dextera.

1301 3050 1329 3105 Si
1344 3050 1387 3106 cui
1402 3051 1491 3121 placet
1505 3053 1610 3123 legere,

1265 3142 1299 3196 Et
1312 3141 1369 3197 nult
1376 3142 1451 3211 juste
1461 3144 1630 3210 discernere,

1259 3232 1318 3289 Non
1338 3235 1488 3304 respiciunt
1505 3243 1618 3301 tartara,

1262 3323 1317 3380 Sed
1329 3324 1364 3380 ad
1378 3333 1537 3381 sauctorum
1550 3326 1661 3397 gandia.

1292 3411 1344 3482 Qui
1358 3413 1416 3468 vult
1428 3415 1462 3468 ad
1476 3412 1585 3484 plenum
1595 3414 1701 3473 discere

1261 3504 1340 3560 'lauti
1353 3504 1416 3560 urali
1430 3505 1566 3572 notitiam,

1264 3596 1385 3653 Primum
1399 3598 1479 3654 debet
1490 3614 1654 3671 cognoscere

1261 3690 1437 3746 aubertinam
1450 3690 1609 3761 nequitiam.

1289 3781 1340 3838 llic
1354 3783 1531 3854 pertractarit
1545 3785 1659 3855 perdere

1260 3874 1332 3929 linos
1343 3873 1394 3930 sub
1408 3889 1462 3930 uno
1475 3881 1597 3946 ternpore

1258 3964 1386 4020 seniores
1398 3980 1468 4036 quos
1482 3964 1587 4030 babuit,

306 4144 363 4217 (bi)
376 4145 919 4209 liriiriitlrmaduzzidrrecdorulitteraria,
935 4153 1000 4200 rom.
1017 4143 1063 4207 lv,
1114 4143 1243 4216 rhythmo
1269 4151 1446 4198 memoratum
1476 4142 1581 4199 videaur
1601 4142 1745 4201 iiiidouem
1765 4143 1905 4212 quemdam

269 4227 331 4286 ⁰³⁸·
357 4215 429 4277 ’δ”
455 4217 488 4270 ‘¹⁰
515 4231 548 4270 ⁰⁰
572 4217 613 4287 ⁸³⁰
642 4215 770 4286 „raam
796 4214 937 4339 libell
959 4232 966 4268 ²
989 4214 1063 4339 lim
1114 4211 1907 4338 llillidiildlldiladibillilth

1051 4315 1065 4326 -
1282 4324 1290 4337 ⁴
1601 4302 1607 4335 l
1675 4300 1680 4310 '

269 4356 345 4416 dam.
358 4368 439 4422 qncm
462 4367 512 4422 ego
531 4351 587 4420 iam
605 4353 640 4407 is
660 4354 759 4409 abhinc
781 4300 861 4408 alliis
881 4299 1012 4423 exserrssn
1024 4300 1063 4410 Ἓι
1114 4299 1195 4408 {logo
1208 4352 1253 4434 qui
1269 4300 1326 4406 lullj
1340 4300 1431 4407 colur'rs
1443 4297 1709 4416 l’olloeorneliensig,
1729 4299 1902 4423 crrjnsqllerion

268 4424 330 4477 cod.
355 4438 405 4476 rns.
431 4421 637 4477 membranaceo
656 4422 749 4487 in·l⁰‚
770 4424 815 4492 qni
843 4422 869 4478 irr
890 4425 1011 4479 sacrario
1030 4423 1061 4480 S.

271 4490 412 4547 Fortunati
436 4486 547 4546 Trrrlerti
564 4505 728 4548 asservarur.
743 4491 902 4563 Quanquam
919 4492 962 4549 lric
975 4494 1062 4550 codex

270 4562 300 4618 S.
316 4558 389 4617 Petri
402 4559 561 4634 chrysologi
585 4576 725 4619 sermones
745 4562 893 4627 rambert,
918 4562 1061 4632 rhythmus
1112 4577 1178 4634 qna.
1194 4571 1223 4617 ιιι
1246 4561 1355 4617 illorum
1371 4573 1522 4631 temporum
1545 4560 1650 4618 serebat
1664 4562 1715 4617 sim

1114 4423 1185 4478 binis
1197 4422 1317 4490 eynsdem
1329 4422 1450 4492 epistolis
1461 4422 1561 4477 mentio
1573 4421 1619 4486 ln;
1633 4424 1766 4492 siquidcru
1779 4423 1805 4477 in
1821 4424 1905 4492 prima

1114 4492 1243 4566 (epioni,
1262 4491 1308 4545 lib.
1323 4494 1360 4563 rr)
1379 4502 1507 4548 narretur
1522 4491 1589 4545 risio
1610 4492 1718 4547 itaiueri
1751 4492 1903 4563 resbytcri.

1718 4564 1834 4629 piciias.
1856 4563 1906 4616 sibi

269 4642 360 4688 tamea
385 4633 492 4703 abipso
516 4632 712 4704 abjudicandas
734 4634 847 4688 omnino
865 4633 980 4699 ridetur,
1006 4642 1061 4689 tum
1112 4632 1265 4703 exspectari
1286 4632 1360 4687 visus
1372 4633 1409 4687 sit
1426 4631 1514 4687 Gnido
1528 4646 1630 4697 comes,
1645 4641 1706 4702 post
1718 4630 1814 4687 leriam
1827 4647 1906 4702 quar-

269 4703 333 4773 quia
349 4703 421 4758 band
443 4703 478 4758 ab
495 4718 529 4758 co
541 4718 661 4773 nnqnara
676 4704 963 4759 concinnatosuersns
977 4719 1062 4760 nure·
1112 4712 1188 4767 tarn,
1204 4702 1230 4756 in
1245 4716 1277 4757 eo
1293 4701 1486 4769 suppliciorum
1509 4701 1568 4757 loco
1591 4702 1618 4756 in
1639 4718 1694 4772 quo
1710 4701 1908 4756 liildebrandus

268 4774 333 4833 rim.
349 4782 406 4828 tum
421 4774 484 4843 quia
497 4772 531 4827 ab
552 4773 660 4845 ingenio
679 4775 770 4829 seculi
790 4789 818 4838 v,
834 4775 906 4829 eirea
931 4773 1009 4841 euius
1021 4773 1062 4827 di·
1111 4787 1204 4829 eomes
1226 4772 1332 4826 'l'usciae
1349 4783 1374 4826 er
1390 4771 1538 4828 Lotlrarius
1550 4786 1642 4827 comcs
1654 4773 1725 4826 alter
1744 4771 1904 4825 detineban-

267 4844 380 4899 midinrn
400 4842 584 4915 chrysologus
608 4844 684 4906 ria-it.
700 4860 813 4915 prorsus
834 4845 930 4900 abesse
958 4852 1059 4912 pareat.
1112 4851 1171 4907 lur;
1191 4842 1218 4896 in
1241 4842 1326 4896 altera
1347 4842 1433 4912 (epist.
1454 4842 1498 4905 l9,
1522 4841 1568 4897 lib.
1591 4842 1629 4909 vr)
1645 4857 1710 4897 roro
1732 4840 1822 4911 pisecs
1835 4841 1906 4895 desi·

267 4914 358 4979 Quare
383 4928 436 4967 non
461 4915 606 4968 admodum
632 4914 797 4982 ambigimus
813 4916 885 4968 lrnnc
902 4914 1059 4983 rhythmum
1131 4921 1229 4967 nentur
1245 4911 1296 4968 sibi
1321 4916 1355 4967 ab
1378 4926 1411 4967 eo
1435 4911 1538 4977 donari,
1562 4921 1591 4966 et
1615 4926 1648 4966 ex
1676 4911 1823 4966 Faventino
1841 4911 1907 4965 urbe

266 4981 350 5039 Petro
365 4982 496 5037 banniario
510 4983 640 5047 tribuere,
657 4993 740 5053 atqne
755 4983 780 5036 id
794 4999 860 5038 sane
876 4982 963 5037 tribus
973 4984 1059 5052 polis·
1111 4929 1243 5045 ffelatifrrt
1259 4997 1350 5037 eorum
1363 4981 1414 5037 sibi
1429 4998 1476 5052 per
1491 4982 1619 5051 plurimus
1638 4983 1694 5036 dier
1714 4978 1833 5035 edelhun
1852 4996 1904 5033 raon

266 5054 366 5108 simum
399 5052 489 5107 causis
513 5050 731 5123 srrllragpmribns.
759 5052 860 5108 llarnm
884 5052 970 5122 prima
993 5062 1058 5117 est.
1110 5051 1219 5107 ὀοιιιει.
1239 5051 1281 5106 dn
1306 5067 1371 5106 uero
1397 5051 1487 5107 Guido
1512 5052 1557 5105 bie
1580 5051 1795 5106 corneliensium
1813 5064 1906 5104 comes

268 5122 340 5179 lorte
362 5136 555 5177 amanuensem
578 5122 751 5177 incaluisse
776 5123 909 5179 sententia
931 5121 1057 5179 nthetri
1110 5122 1182 5177 idern
1206 5123 1243 5176 sit
1266 5138 1327 5177 cum
1360 5122 1484 5178 (luidone
1512 5120 1575 5175 hnic
1603 5121 1780 5190 synchrono,
1802 5119 1849 5189 qni
1879 5119 1905 5172 iu

268 5193 402 5257 damiani,
413 5191 481 5247 einis
498 5191 673 5255 Ravennatis,
693 5194 848 5263 rhythmum
863 5192 986 5247 eumdem
1011 5194 1055 5246 ha·
1108 5193 1203 5259 charta
1218 5191 1375 5248 Faventinus
1388 5191 1542 5248 conmrdiae
1569 5190 1649 5259 (inne
1667 5190 1726 5244 uide
1751 5189 1788 5242 ori
1807 5188 1906 5242 calces

267 5263 332 5318 bere
346 5271 483 5318 auctorem
498 5263 636 5318 censuerit
654 5277 685 5319 ue
701 5263 992 5318 barruemnrurnonn
1010 5260 1058 5316 Pe·
1108 5263 1172 5316 tomi
1193 5263 1233 5316 ael
1250 5264 1334 5334 portis
1355 5262 1368 5317 1
1393 5264 1461 5330 tipp.
1483 5259 1513 5316 S.
1535 5258 1609 5315 Petri
1632 5258 1768 5325 lirnium)
1791 5268 1908 5313 rocrrrrr

267 5334 303 5387 tri
315 5332 475 5388 Rauennatis
496 5332 547 5403 (sic
561 5334 632 5389 enim
647 5328 678 5388 ln
695 5334 788 5388 codiee
802 5331 1008 5399 inscribuntur),
1032 5332 1057 5386 id
1107 5331 1268 5386 clarissimus
1284 5350 1384 5395 corner.
1404 5331 1448 5386 nbi
1462 5340 1490 5386 et
1505 5329 1652 5384 Ermeilr'no
1666 5330 1723 5399 ejus
1737 5329 1907 5382 sereniano-rr

266 5414 310 5456 est
326 5403 354 5457 S.
374 5403 447 5457 Petri
462 5402 623 5474 chrysologi
642 5404 760 5475 episcopi
786 5401 951 5458 Rauennatis
966 5401 1059 5457 Eccle-
1107 5402 1205 5471 conjux
1219 5403 1330 5472 insuper
1344 5404 1468 5465 habeon.
1490 5402 1591 5470 quiqnc
1605 5399 1669 5455 alibi
1690 5399 1774 5454 etiam
1798 5413 1905 5452 rncmo·

268 5471 324 5533 aiae.
340 5480 368 5526 nt
386 5473 460 5526 illum
482 5473 595 5542 proinde
618 5474 691 5530 hisce
709 5472 857 5543 ariJuugero
877 5487 929 5526 non
953 5471 1059 5526 dubita·
1108 5479 1195 5537 ratur,
1207 5486 1257 5543 ego
1275 5473 1382 5541 qnidcrn
1398 5473 1425 5527 irr
1442 5479 1517 5525 tanta
1533 5485 1622 5527 rerum
1644 5468 1813 5525 obscuritate
1826 5467 1908 5547 quid3

268 5542 451 5596 manahem
474 5542 500 5596 iu
518 5551 608 5598 eoest
621 5545 692 5613 qnod
706 5543 859 5613 hujusmodl
875 5541 995 5613 rlrytlnnl
1009 5554 1057 5610 ge·
1107 5554 1188 5610 quarn
1203 5541 1315 5597 delinire
1340 5556 1391 5597 non
1417 5542 1521 5607 ausim,
1546 5540 1611 5596 licet
1639 5540 1691 5595 lroe
1716 5547 1806 5594 iernen
1839 5537 1907 5591 mibr

267 5622 319 5662 nus
348 5610 478 5665 barniano
499 5610 631 5668 familiare
652 5613 827 5682 comperiam,
850 5612 962 5682 ejusque
983 5610 1056 5666 etati
1108 5609 1254 5670 admodum
1267 5611 1423 5669 verosimile
1437 5611 1574 5667 rideatur.

268 5678 379 5733 omnino
394 5679 566 5735 conveniens.
580 5681 668 5737 lenia
693 5682 801 5738 deorum
816 5696 848 5737 oa
871 5690 913 5738 est
936 5679 1009 5753 quod
1030 5680 1056 5734 in
