4017 6192
100 293 103 296 ·
178 294 282 352 aaa.
408 293 438 351 s.
451 250 553 352 rarat
570 293 712 362 nauum
725 293 803 353 oar.
818 293 937 370 roaros
956 293 1024 354 seu
1042 294 1135 352 raas
1163 294 1207 352 ur.
1221 325 1256 336 -·
1270 255 1453 352 croscum
1465 295 1602 374 vanu„
1761 255 1814 359 aaa

213 389 356 479 Quisquis
368 422 433 479 ergo
455 407 552 464 nititur
582 408 671 463 amnis
695 406 794 464 fluenta
820 407 967 480 restringe·
980 410 1006 471 Α
1020 404 1158 461 moderate
1169 403 1287 475 repletur
1297 403 1377 472 cibis,
1389 412 1485 461 caetera
1496 419 1610 483 unaque
1621 406 1742 466 membra
1755 410 1816 466 infr.

177 518 221 567 re,
243 501 320 571 iuxta
342 496 426 554 fontis
450 498 565 564 aditum,
589 512 702 554 neeesse
722 505 764 553 est
788 504 895 566 satagat
919 496 968 553 ob·
1019 495 1074 551 ciat
1087 494 1169 549 vitiis.
1179 493 1285 565 bingua
1301 510 1365 549 vero
1386 494 1572 566 restringitur,
1589 497 1653 567 quia
1667 497 1814 570 indiscipli-

94 610 99 627 ι
177 591 539 656 stat-ulaccnvectarcrut
560 589 605 643 ubi
637 589 755 645 nondum
789 589 896 653 arnaria,
920 589 969 644 sed
1018 595 1082 642 nate
1095 586 1193 651 laxata,
1209 602 1333 657 supernas
1348 587 1444 656 gratia
1455 587 1548 659 vigore
1565 589 1684 643 animam
1704 602 1812 658 vacuat,

177 681 257 755 333
271 680 359 735 adbuc
375 678 627 745 rtnuascemtmr,
642 679 697 736 illic
709 680 831 736 obicibus
845 679 970 750 impactis
1018 673 1099 748 334
1112 683 1140 730 et
1153 689 1168 730 a
1197 685 1268 730 stata
1292 675 1424 732 salutiferi
1448 677 1547 749 rigoris
1559 689 1681 734 enervat.
1697 680 1813 738 lemm-

177 768 255 828 facile
270 768 444 839 reprimatur.
457 768 508 835 Qui
523 769 557 824 ad
570 769 661 825 auiam
671 784 779 840 qaoque
794 768 894 840 regiam
907 784 970 840 pro·
1020 776 1109 822 murtea
1125 767 1220 822 modos
1232 776 1313 838 atque
1331 767 1458 824 diseretio
1475 768 1502 824 ia
1517 769 1615 827 talibus
1628 779 1672 828 est
1684 772 1814 830 adhiben-

177 873 273 932 peaare
285 859 414 930 disponit,
429 859 456 914 iu
471 859 529 928 ipso
543 859 650 914 demum
664 858 844 930 expeditionis
857 860 969 916 exordio
1018 857 1068 925 da,
1084 873 1118 914 nc
1134 858 1205 930 quod
1218 857 1402 915 indifferenter
1413 859 1512 931 agitur,
1528 860 1602 917 velut
1621 877 1689 918 onus
1710 862 1813 935 impor-

176 965 239 1008 com
262 949 355 1022 pamcis
376 950 515 1019 egreditur
533 966 541 1004 ε
560 949 720 1006 confluentis
739 959 831 1033 autem
855 950 969 1008 subinde
1019 945 1118 1012 tabile,
1137 962 1188 1018 per
1209 946 1410 1003 intolerantiam
1432 948 1639 1019 pusillanimiter
1653 950 1813 1022 deponatur.

176 1057 306 1098 auvacrus
320 1042 456 1098 societatis
473 1050 596 1113 augetur.
618 1041 748 1113 Quisquis
768 1043 883 1113 denique
906 1044 969 1100 baie
1019 1037 1097 1094 Sicut
1120 1051 1187 1109 ergo
1214 1053 1295 1110 sopra
1320 1038 1515 1109 promisimus,
1531 1055 1592 1110 quac
1607 1041 1635 1096 in
1655 1041 1707 1098 bac
1721 1056 1815 1099 eremo

176 1130 258 1186 stmit
272 1131 400 1192 insidias,
419 1145 472 1185 non
486 1130 580 1202 procul
597 1131 723 1198 adonio,
736 1129 807 1187 undo
820 1132 968 1204 egreditur,
1018 1128 1124 1185 vivendi
1147 1126 1239 1200 regula
1261 1137 1409 1196 teneatur,
1440 1127 1561 1185 breviter
1582 1127 1746 1200 explicemus
1760 1147 1768 1185 :
1784 1141 1814 1188 ut

176 1220 265 1276 latitat
288 1238 295 1276 :
321 1229 351 1276 ut
374 1221 487 1277 vreedum
511 1222 678 1295 constipatus
702 1222 872 1278 multitudino
895 1238 968 1279 com-
1019 1217 1082 1275 ditm
1105 1219 1264 1289 hancquasl
1282 1220 1418 1290 l¹¹⁰dd⁸¹¹¹
1432 1219 1668 1277 lileldlfflelfflm
1689 1221 1815 1279 θθῦὓῑᾶθ·

176 1310 324 1366 meantium
340 1311 495 1382 repentinos
508 1311 625 1383 impetus
639 1326 692 1368 noa
707 1313 813 1368 evadat.
828 1312 904 1369 Tunc
919 1329 968 1368 aar·
1020 1312 1132 1369 rationis
1153 1323 1205 1370 tuae
1222 1312 1309 1370 oculis
1322 1313 1499 1386 apposueris,
1514 1313 1571 1370 sive
1589 1314 1741 1382 excedens,
1756 1316 1815 1374 sire

175 1408 229 1456 tera
250 1400 381 1480 veraciter
404 1401 438 1457 ad
463 1417 554 1474 regem
577 1410 699 1459 nostmm
722 1412 898 1474 properantes
916 1404 970 1460 iter
1019 1402 1132 1459 inferius
1145 1404 1286 1476 gradiens,
1300 1404 1333 1459 ad
1356 1404 1427 1462 hanc
1451 1403 1542 1461 sedula
1558 1404 1707 1463 intentione
1721 1422 1815 1466 recur-

174 1491 339 1563 incipimus,
360 1507 421 1547 cunr
446 1492 528 1549 rudes
550 1493 658 1559 adhuc,
676 1495 793 1564 novique
814 1495 916 1551 tirones
940 1495 967 1551 in
1018 1507 1094 1562 rens,
1104 1507 1202 1551 errare
1215 1509 1269 1551 anu
1280 1493 1379 1565 possis.

174 1581 307 1652 spirituali
322 1582 417 1659 rnilitia
431 1592 601 1640 sacramenta
611 1584 747 1656 iuramus.
762 1584 816 1642 Sed
829 1586 893 1658 quia
906 1601 972 1642 necJ
1328 1582 1444 1641 CAPUT
1462 1584 1506 1642 vt.

175 1670 238 1726 dum
263 1671 442 1743 *spiritualium
464 1673 617 1731 studiorum
639 1675 747 1746 agmine
770 1676 966 1734 circumfundi·
1202 1671 1407 1758 Regufujejuuii
1421 1689 1452 1728 ue
1467 1673 1625 1744 refectionis.

175 1775 257 1827 mur,
283 1762 397 1816 necdum
422 1760 596 1832 perfectionis
617 1763 763 1821 virtutibus
787 1743 1006 1832 mboranrur;B
1055 1764 1096 1821 Ab
1107 1764 1198 1821 idibus
1211 1764 1303 1834 itaqvm
1314 1762 1481 1834 Septembris
1494 1765 1623 1835 usquead
1634 1767 1814 1825 resurreetio·

175 1858 240 1906 trvnc
251 1860 409 1908 veternosus
420 1852 505 1909 lacstls
517 1862 581 1909 aute
592 1854 679 1925 ipsum
694 1855 857 1927 egressionis
869 1867 969 1914 nostrae
1021 1871 1083 1912 nem
1105 1854 1285 1924 bominicam,
1300 1855 1419 1926 uariatque
1433 1871 1483 1927 per
1504 1856 1698 1914 hebdomadam
1719 1857 1819 1918 dielms'

175 1939 338 1996 vestibulum
353 1940 466 1998 insidias
487 1952 639 2015 preparat,
654 1943 690 2000 ibi
706 1944 831 2001 versutiae
844 1960 901 2002 sum
922 1946 969 2003 do·
1020 1956 1127 2004 tenetur
1149 1947 1194 2003 hic
1216 1962 1249 2003 er
1269 1953 1353 2003 *more
1373 1945 1515 2019 jejunium.
1540 1949 1581 2004 hb
1604 1950 1708 2006 octaris
1722 1940 1823 2008 autem'

175 2029 231 2098 los,
246 2032 283 2089 ibi
298 2031 473 2104 malignitatis
497 2043 570 2091 artes
588 2043 616 2092 et
636 2035 758 2105 laqueos,
776 2035 814 2091 ibi
831 2036 967 2108 deceptio·
1018 2037 1157 2095 Pascbalis
1172 2037 1327 2095 festivitatis
1342 2052 1428 2108 usquc
1449 2039 1604 2094 adsertam
1626 2040 1697 2097 diem
1718 2040 1815 2097 Pente·

174 2137 239 2177 num
255 2122 405 2191 arrachiuas,
418 2132 447 2180 et
463 2124 552 2180 omnia
567 2123 702 2196 pestifere
714 2125 871 2182 calliditatis
888 2142 968 2197 argu·
1018 2137 1127 2194 cotes,
1154 2136 1271 2200 quatuor
1293 2136 1397 2184 tantum
1423 2144 1472 2200 per
1498 2130 1694 2186 hebdomadam
1720 2131 1815 2191 dicbus

174 2223 265 2270 menta
283 2216 430 2272 concinnat
453 2235 460 2272 :
483 2227 617 2290 quatenos
637 2220 726 2275 rivum
748 2220 839 2276 adhuc
860 2229 966 2276 tenuem
1015 2220 1147 2295 iejnrninm
1161 2221 1323 2279 celebratur.
1343 2221 1400 2278 llac
1421 2221 1546 2278 videlicet
1569 2223 1733 2281 discretione
1755 2240 1815 2282 ser·

174 2298 236 2356 boui
249 2303 341 2373 operis
351 2303 485 2371 obstruat,
499 2313 526 2361 ct
544 2306 723 2378 gradientem,
738 2309 882 2388 antequam
894 2325 968 2366 com·
1018 2324 1081 2370 vata
1094 2322 1124 2370 ut
1136 2322 1247 2385 propter
1259 2311 1429 2370 hominicum
1441 2313 1531 2381 diem,
1546 2314 1580 2370 dc
1604 2315 1682 2386 cujus
1703 2316 1814 2387 speciali

174 2394 444 2464 meantiumagmiue
457 2394 592 2461 fulciatur,
607 2397 771 2469 exstinguat·
793 2467 798 2472 ἢ
1018 2404 1168 2460 reverentia
1182 2401 1271 2461 nullus
1290 2402 1448 2470 addubitat,
1470 2402 1553 2460 etiam
1577 2405 1656 2460 tertia
1677 2413 1706 2461 et
1719 2405 1813 2477 quinta

209 2479 262 2538 Sed
286 2483 357 2539 inter
376 2484 426 2540 bas
445 2483 598 2555 jaculorum
612 2487 842 2545 crebrescentium
856 2489 967 2561 grandie
1018 2492 1084 2550 feria
1101 2493 1183 2549 bisin
1199 2493 1243 2549 die
1263 2493 1387 2549 reficiant
1406 2491 1515 2548 fratres.
1528 2491 1576 2548 llio
1597 2492 1669 2563 enim
1694 2502 1814 2564 temporo
1914 2528 1918 2534 ·

174 2589 239 2642 nes,
255 2575 326 2632 inter
342 2576 408 2633 istas
427 2575 559 2633 bellorum
582 2577 765 2650 ingruentium
783 2587 966 2652 tempestates,
1017 2584 1081 2640 licet
1108 2583 1249 2655 aliquanto
1273 2582 1414 2639 remissius
1437 2573 1530 2637 'nivere
1551 2582 1681 2638 :tametsi
1705 2583 1815 2641 minime

157 2671 163 2737 g
173 2663 274 2722 Claristi
292 2666 371 2722 miles
386 2683 441 2722 nou
455 2668 601 2724 formidine
613 2669 808 2735 contabescat,
834 2685 887 2727 non
913 2670 968 2727 fra·
1017 2677 1216 2752 prohibeantur
1238 2676 1363 2732 monachi
1385 2675 1547 2732 auctoritate
1572 2688 1711 2730 sacromnr
1732 2689 1815 2730 cano·

154 2762 235 2832 {ctus
248 2755 341 2811 labore
353 2755 476 2824 deficiat,
491 2757 538 2813 scd
552 2757 660 2814 invictae
671 2755 733 2816 fidei
747 2760 839 2834 clypco
851 2778 967 2834 praemo-
1018 2784 1082 2822 num
1095 2767 1227 2840 jejunare.
1245 2768 1286 2823 hb
1299 2774 1396 2824 octava
1411 2782 1476 2823 vero
1495 2765 1669 2823 Pentecostes
1681 2780 1766 2835 usurae
1778 2766 1814 2820 ad

157 2847 159 2853 ’
175 2848 257 2911 tritus,
270 2861 323 2917 qam
334 2848 440 2903 acriora
451 2847 634 2904 infestantium
646 2848 808 2907 luctatorum
819 2853 966 2909 certamina
1018 2857 1191 2914 Nativitatem
1204 2858 1235 2913 B.
1249 2857 1373 2925 loannis,
1386 2858 1467 2914 tertia
1482 2856 1592 2929 quidem
1608 2857 1674 2912 feria
1688 2854 1811 2927 pulmen-

175 2936 288 3005 tolcrat,
301 2954 334 2995 eo
345 2938 447 2995 certius
466 2938 499 2994 de
513 2939 603 2995 vicina
622 2941 669 2997 liei
693 2943 849 2999 auxiliantis
862 2944 967 3015 aspira·
992 3006 996 3013 ¹
1019 2959 1075 3005 aaran
1087 2944 1218 3005 [turribius
1232 2949 1298 3004 hora
1316 2963 1387 3005 nona
1401 2948 1541 3013 tribuitur,
1555 2947 1648 3019 quinta
1664 2962 1728 3002 vcro
1744 2945 1811 3002 feria

175 3027 249 3082 tinae
262 3027 390 3083 coratidat.
404 3026 459 3084 Nec
472 3044 584 3099 prorsus
597 3029 748 3098 addubitet,
759 3033 822 3102 quia
836 3032 860 3088 si
873 3033 968 3105 prImte
1019 3039 1132 3095 refectio
1144 3040 1268 3095 iteratur.
1280 3037 1366 3094 Porro
1377 3052 1394 3093 a
1404 3036 1552 3094 festivitate
1562 3037 1592 3094 S.
1603 3036 1715 3098 loannis
1725 3051 1812 3109 usqne

175 3118 333 3178 tentationis
350 3118 493 3174 articulum
518 3119 617 3178 illaesus
634 3123 753 3178 evaserit
774 3138 781 3177 ε
804 3122 885 3193 paulo
907 3133 968 3194 post
1019 3129 1054 3186 ad
1067 3130 1129 3185 blus
1144 3128 1322 3201 Septembris,
1338 3128 1418 3184 tertia
1436 3136 1465 3185 et
1475 3128 1569 3199 quitata
1582 3126 1649 3183 feria
1663 3127 1725 3182 bina
1739 3126 1812 3182 refe·

174 3207 327 3273 rolmratus,
343 3218 370 3264 et
382 3210 498 3276 validus,
512 3219 586 3284 terga
599 3214 767 3278 vertentibus
791 3231 824 3271 ac
839 3231 968 3277 succumz
1019 3220 1073 3276 ctio
1097 3218 1124 3274 ia
1149 3220 1193 3276 die
1215 3228 1341 3276 teneatur
1353 3236 1360 3273 :
1374 3211 1483 3289 reliquis
1498 3232 1568 3299 tero,
1584 3225 1701 3290 quatuor
1717 3216 1814 3273 dicbus

174 3302 301 3359 bentibus
314 3304 371 3361 suis
384 3306 558 3372 adversariis,
574 3309 742 3380 praevalebit.
755 3311 858 3368 ldcirco
872 3328 968 3384 nempe
1016 3310 1149 3382 jejuuium
1163 3326 1196 3365 ex
1214 3324 1291 3367 more
1303 3317 1437 3365 servetur.
1452 3308 1533 3365 Salvo
1547 3308 1673 3365 videlicet
1685 3307 1813 3378 euque

174 3394 440 3467 insidiatorspiritos
452 3406 537 3454 totum
552 3397 588 3454 fel
598 3409 657 3455 'sum
668 3401 794 3470 racauitiae
804 3401 878 3458 circa
891 3403 968 3460 novi·
1018 3400 1041 3459 si
1056 3402 1116 3473 uuis
1135 3402 1205 3456 inter
1219 3398 1317 3456 iratres
1335 3399 1477 3455 infirmari.
1487 3397 1671 3470 conspicitur,
1687 3412 1749 3453 mox
1763 3395 1812 3465 illu,

176 3485 227 3539 tios
239 3486 349 3542 evorrrit.
369 3486 431 3545 ldeo
452 3502 532 3544 omne
544 3489 619 3545 virus
630 3489 784 3546 artificiosae
797 3506 829 3548 ac
843 3493 968 3563 decepto-
1019 3501 1099 3563 prout
1119 3505 1231 3547 neccsse
1253 3489 1353 3555 fuerit,
1368 3488 1579 3545 misericorditer
1596 3487 1766 3544 subvenitur.
1783 3484 1813 3541 ln

176 3574 224 3631 rim
236 3574 391 3632 calliditatis
403 3576 515 3634 effundit
531 3595 538 3632 :
554 3579 617 3648 quia
632 3595 686 3635 non
707 3579 829 3650 ignorat,
840 3581 967 3652 quoniam
1019 3579 1212 3638 festivitatibus
1226 3567 1377 3635 *duodecim
1403 3577 1568 3643 lectionum,
1583 3590 1750 3647 quacunque
1765 3577 1814 3630 re&

176 3655 198 3719 'si
215 3671 279 3721 tunc
290 3661 414 3722 effectum
428 3666 548 3737 perversi
562 3676 678 3723 conatus
688 3667 822 3736 amiserit,
837 3677 968 3740 opportu·
1018 3671 1096 3728 niunt
1109 3670 1143 3726 ab
1154 3670 1244 3726 ldibus
1254 3669 1422 3741 Septembris
1431 3682 1518 3738 usque
1529 3666 1562 3723 ad
1576 3666 1812 3722 Resurrectionem

175 3755 290 3811 nitatem
311 3755 424 3813 ludendi
439 3757 610 3828 postmodum
626 3772 680 3816 noo
703 3757 824 3821 babebit.
847 3759 904 3815 lmo
921 3759 967 3831 qui
1020 3761 1147 3828 bomini,
1173 3759 1257 3816 semel
1284 3767 1387 3815 tanturn
1412 3758 1537 3814 reficiant
1563 3756 1677 3823 fratres,
1692 3754 1812 3824 exeeptis

176 3847 351 3920 supplantare
372 3863 427 3907 non
440 3848 544 3920 potuit,
562 3849 647 3905 ruinae
667 3851 837 3921 postmodum
853 3850 968 3921 turpiter
1018 3849 1146 3920 videlicet
1170 3850 1213 3905 bis
1239 3847 1474 3913 solemnitatibus,
1493 3845 1614 3902 omnium
1639 3852 1811 3909 sanctornm,

176 3937 339 4008 solrjacebit;
353 3938 440 4010 etqui
452 3938 513 3994 rodi
527 3953 580 3996 noo
592 3940 731 4009 praevalet,
743 3939 892 3996 exercitato
903 3954 967 3998 suc·
1020 3939 1049 3997 S.
1062 3939 1168 4010 hiartini
1178 3938 1245 3996 ets.
1259 3939 1385 4006 hadrec,
1398 3936 1565 4009 bebdomada
1580 3934 1682 3991 Natalis
1693 3933 1811 3997 homini,

176 4029 296 4085 cumbet.
381 4083 385 4088 ,
597 4063 601 4068 -
883 4069 888 4077 -
1019 4038 1113 4087 etuno
1131 4029 1176 4085 die
1195 4027 1419 4099 Epiphaniae,·ct
1435 4023 1598 4102 llypopanti.
1614 4022 1717 4090 Quibus
1732 4022 1814 4076 ainai·

172 4095 174 4102 ,
495 4117 609 4176 carba
627 4118 659 4174 V.
1019 4135 1080 4175 rum
1106 4119 1201 4176 diebus
1222 4118 1338 4174 iteratur
1353 4130 1404 4188 pro
1420 4130 1496 4173 more
1519 4113 1640 4171 refectio.
1655 4113 1684 4168 ln
1705 4111 1813 4168 caeteris

212 4207 253 4264 De
267 4208 364 4282 quiete,
377 4208 495 4275 cilentio,
508 4220 532 4264 et
545 4209 660 4279 jejunio,
674 4209 789 4266 eremitis
803 4211 933 4284 precipue
1019 4218 1110 4265 autern
1124 4208 1317 4265 festivitatibus
1330 4222 1384 4262 ona
1399 4204 1586 4263 tantummodo
1600 4204 1656 4260 slat
1665 4201 1812 4260 refectione

453 4355 457 4362 .
496 4281 658 4334 '‘mm“
1019 4299 1150 4358 contenti.
1811 4292 1854 4325 θ’·

212 4388 366 4447 Notandum
383 4397 489 4454 autem,
502 4389 566 4460 quia
584 4404 646 4446 cum
663 4390 790 4448 omnibus
810 4391 845 4448 ad
866 4399 968 4451 aeterna
983 4428 1009 4489 D
1055 4389 1209 4447 Notandum
1223 4396 1324 4456 antem,
1337 4386 1400 4460 quia
1417 4381 1812 4455 connuncupandum·
1826 4397 1831 4405 ’

178 4477 371 4535 festinantibus
384 4478 518 4536 utrivemae
531 4477 644 4533 virtutes
660 4478 743 4533 animi
760 4478 815 4535 siut
826 4479 966 4549 lrabeudae,
1021 4479 1203 4546 sterio,etiam
1214 4479 1242 4534 in
1256 4493 1348 4535 cremo
1361 4474 1712 4534 celebranturlestivitates.
1724 4471 1757 4526 lit
1770 4471 1813 4528 bn
1839 4523 1843 4530 .

178 4568 306 4625 solitariae
317 4569 379 4625 ritae
391 4568 531 4642 proposito
544 4567 595 4624 tria
608 4576 670 4623 suant
684 4570 819 4640 praeeipoe
833 4571 968 4627 exteriora
1021 4585 1083 4643 quas
1096 4569 1149 4626 illic
1164 4570 1246 4635 hunt,
1257 4568 1417 4640 plemmvpoe
1438 4573 1665 4630 transmutantur,
1683 4572 1713 4617 ot
1725 4569 1773 4616 aut
1784 4561 1812 4616 in

177 4661 315 4729 videlicet,
330 4676 449 4734 congrua
464 4660 574 4734 speciali
593 4677 649 4733 pra
660 4662 764 4719 caeteris
781 4664 969 4722 observatione
1022 4660 1113 4727 tertia,
1124 4667 1173 4720 aut
1185 4658 1213 4715 in
1227 4659 1321 4729 quinta
1335 4653 1407 4713 ferin¹
1426 4655 1596 4712 celebrentur
1609 4671 1616 4708 :
1628 4651 1749 4721 exceptis
1766 4649 1812 4706 tri·

178 4749 293 4807 tenenda
306 4767 312 4805 :
331 4751 409 4823 quies
422 4749 535 4822 scilieet,
550 4751 705 4816 silentium,
721 4762 803 4824 atque
812 4752 943 4826 ieiunium
957 4772 966 4811 a
1021 4753 1119 4808 minam
1132 4750 1275 4821 precipuis
1287 4748 1495 4813 festivitatibus,
1510 4760 1571 4817 qua
1583 4744 1619 4801 ob
1632 4741 1812 4800 reverentiam

178 4851 207 4896 et
227 4850 325 4910 caetera
339 4840 448 4912 quidem
472 4842 650 4897 instromenta
663 4842 775 4914 justitiae
797 4843 824 4900 in
838 4845 897 4902 sola
912 4847 969 4916 plo·
1021 4843 1160 4916 dignitatis
1171 4841 1271 4899 avutari
1283 4856 1338 4898 oon
1347 4836 1725 4912 possuntPlerasqucaaten
1735 4832 1813 4888 festi-

179 4947 293 5004 rumque
306 4932 466 5000 devotione,
479 4933 523 4990 vel
536 4934 646 5002 hahitu;
666 4935 718 4993 ista
738 4946 828 4995 autem
850 4939 877 4995 la
890 4954 968 4996 exer·
1020 4934 1129 5000 vitatos,
1150 4948 1212 5006 (1⁰2
1228 4947 1281 4987 ἢθη
1295 4931 1365 4988 ίᾶθθ
1376 4937 1441 4986 tuni
1452 4927 1594 5000 timibet
1605 4964 1614 4991 s
1626 4924 1685 4982 tire
1697 4922 1725 4979 in
1743 4938 1813 4993 (1111·

178 5023 244 5082 citio
269 5024 366 5081 debent
395 5025 520 5082 familiari
548 5028 662 5097 qaradanr
688 5029 830 5087 sedulitate
852 5032 966 5088 versari.
1020 5025 1190 5099 dragesimali
1206 5035 1344 5096 tempore,
1359 5023 1417 5080 sire
1430 5037 1481 5094 per
1500 5020 1584 5077 totius
1605 5017 1670 5075 anci
1689 5015 1814 5072 currim-

179 5115 256 5171 Sicut
273 5116 346 5171 enim
367 5115 516 5172 sacerdotis
530 5127 574 5175 est
587 5119 725 5191 proprium
744 5120 885 5180 sacriticiis
900 5120 967 5177 olle-
1018 5115 1095 5183 lota,
1109 5114 1267 5172 cellerarius
1290 5128 1350 5170 curn
1365 5112 1466 5183 hlstpri
1478 5111 1556 5182 juxta
1575 5108 1718 5166 waiam
1733 5116 1810 5163 ιωιό

179 5205 271 5262 rendis
292 5205 439 5272 insistere,
463 5197 581 5263 doctoris
603 5216 647 5263 cst
669 5207 836 5279 praedicare3
859 5209 897 5265 ita
925 5210 968 5266 ai·
1011 5213 1178 5273 morantur,
1192 5219 1254 5261 cum
1267 5204 1408 5260 duodecim
1429 5198 1813 5259 eelebrentlectioaihusaat·

179 5294 324 5352 bilomians
337 5296 459 5353 eremite
470 5296 587 5353 odicium
601 5306 658 5363 est,
673 5298 700 5353 in
716 5296 835 5369 iejarnio,
849 5300 969 5356 silentio·
1019 5310 1073 5368 que
1084 5296 1113 5351 si
1120 5295 1204 5367 priori
1218 5293 1334 5359 videtur,
1354 5292 1445 5364 aliqua
1458 5291 1511 5348 iilis
1523 5331 1532 5358 ,
1546 5289 1684 5346 maissime
1698 5298 1811 5353 uratur,

180 5399 233 5455 que
245 5387 395 5458 qrricsoere.
411 5387 489 5445 liade
507 5404 561 5444 noa
582 5390 684 5445 frustra
704 5391 838 5458 reperitur
851 5391 886 5445 ab
900 5392 971 5447 anti·
1021 5388 1206 5448 misericordia
1233 5386 1391 5445 relectionis
1419 5385 1600 5458 impendatur.
1627 5381 1762 5440 Ceterum
1790 5379 1812 5437 li

180 5476 242 5546 tpais
253 5478 315 5534 rita
329 5478 409 5549 hujus
427 5479 625 5537 institutoribus
637 5481 739 5536 dictum
753 5499 761 5535 ι
776 5480 845 5539 Sede
858 5484 886 5537 in
904 5482 969 5538 celle
1020 5479 1066 5547 qui
1087 5493 1136 5548 per
1149 5479 1270 5535 diversas
1284 5488 1348 5535 sunt
1360 5477 1471 5534 cellulas
1488 5474 1627 5533 constituti
1642 5512 1651 5539 ,
1666 5472 1729 5529 dum
1743 5471 1812 5527 loris

180 5578 237 5631 tuo,
248 5575 273 5622 et
284 5569 365 5622 retine
374 5567 492 5640 Nngaaua
504 5580 588 5639 tuam,
601 5581 626 5626 et
638 5580 761 5636 uentrem,
772 5581 796 5627 et
810 5572 898 5627 saluus
907 5574 969 5627 eric.
1021 5570 1132 5624 minime
1152 5572 1295 5641 prodeant,
1307 5570 1384 5626 ‘trina
1404 5569 1520 5626 lectione
1538 5567 1667 5630 moventi,
1676 5561 1810 5634 jejumum

184 5659 280 5715 i'enrer
295 5659 426 5730 siquidem
440 5663 627 5732 reprimendus
645 5673 697 5735 est,
713 5679 746 5722 ne
768 5665 830 5722 dom
846 5664 903 5736 ipse
917 5664 969 5722 im·
1021 5676 1054 5718 ex
1070 5678 1145 5720 more
1157 5671 1326 5724 conservent.
1341 5663 1467 5737 ieiunare
1485 5671 1576 5719 autom
1598 5656 1660 5715 illos
1681 5657 1808 5722 dicimus,
