4017 6192
159 263 162 269 .
231 215 285 273 sot
464 215 494 275 S.
510 218 612 276 estin
632 218 774 279 utinam
787 221 863 280 OPP.
878 220 998 280 TOHUS
1017 222 1083 280 SEU
1104 223 1193 281 PARS
1211 224 1253 281 tlt.
1272 253 1300 267 -
1312 225 1495 309 opuscula
1514 186 1630 284 vaula:
1801 234 1855 291 3¹18

228 345 367 400 muymiis,
383 329 482 401 aliique
495 334 619 388 doctores
633 342 720 388 saucii
732 337 788 390 boec
803 337 922 389 funditus
933 323 1094 399 abne-Asc
1118 353 1231 392 seusina
1258 348 1436 410 constringat,
1466 345 1500 395 ab
1525 345 1653 398 exteriori
1686 358 1716 401 se
1746 350 1855 408 nogaria

226 428 308 489 qaum
322 420 447 477 mittini
460 419 518 483 isli.
536 421 597 489 ultio
618 421 772 477 adulterino
785 422 908 492 pellicum
924 438 1016 478 amine
1066 427 1217 492 siibtialiut,
1232 442 1350 482 ossuum
1369 430 1404 482 ab
1428 430 1515 484 otiosa
1532 431 1748 489 coiiialiulatiooe
1761 410 1853 490 custo·

227 510 345 579 decepti,
363 509 436 565 ⁹0¹¹st
458 519 554 565 coniri
578 510 718 581 conjugale
742 510 899 568 ioediissiue
914 511 1016 568 liedeie
1065 518 1133 580 diat,
1147 516 1245 569 iueutis
1256 530 1312 569 siue
1335 516 1476 572 latibulum
1491 528 1576 588 petat,
1602 521 1646 575 ubi
1663 523 1697 577 ad
1711 524 1855 580 risleuiiain

227 598 404 667 pertinaciter
422 609 552 670 pugnum.
572 598 640 653 Nam
666 615 719 656 uoii
738 600 825 656 solum
839 602 1015 672 prohibemur
1065 604 1201 659 Creatoris
1213 605 1253 658 sui
1274 604 1370 659 lueiom
1383 608 1447 661 totis
1468 609 1571 665 nisibus
1584 611 1754 668 inardescat:
1770 615 1803 668 ad
1815 615 1855 669 la-

227 698 439 759 postacccptum
452 704 559 745 sacrum
572 691 695 746 ordinem
709 692 786 748 ranis
802 692 952 760 biijusiuodi
964 696 1015 748 do·
1064 707 1172 762 crpiuas
1193 692 1311 757 aulielct,
1332 697 1466 764 tacrpmos
1497 699 1584 753 alico
1608 702 1774 768 quotidianis
1793 719 1854 773 pre-

227 779 324 836 ctriuis
335 780 475 837 intendere
486 797 494 847 ;
506 781 553 837 sed
568 797 600 837 ex
618 782 651 837 iis
672 798 780 853 quoque
794 799 854 853 quie
872 783 1016 838 antedidi·
1064 784 1141 838 cibus
1158 782 1269 853 lliqitet.
1294 783 1486 856 Laicryuiaruiu
1508 790 1607 859 quippe
1628 792 1722 848 iuador
1735 796 1854 851 animam

227 870 324 936 cimus,
355 870 490 941 superum
513 887 627 943 quaeque
649 872 822 943 precipimur
841 873 1014 928 detruncare.
1064 872 1138 927 ouini
1153 872 1213 928 labe
1225 874 1361 942 piiriiicat,
1377 885 1405 929 et
1430 877 1463 930 ad
1479 879 1639 948 proterenda
1656 883 1783 939 virtutum
1794 902 1855 957 per.

227 957 309 1018 liudo
328 977 377 1033 per
398 962 507 1034 lloyseu
525 962 585 1035 lego
610 963 777 1029 decernitur,
805 973 834 1018 ut
860 963 966 1019 mulieri
988 964 1016 1018 in
1067 965 1138 1017 uiiua
1161 964 1245 1018 nostri
1272 965 1364 1020 cordis
1387 981 1451 1020 aria
1480 968 1614 1026 fecundat.
1639 971 1717 1043 Saepe
1739 990 1856 1048 namque

226 1052 299 1110 bello
307 1063 443 1125 captane
453 1070 480 1109 m
492 1053 644 1126 conjugium
657 1054 767 1112 victoris
779 1054 883 1120 electe,
895 1054 1017 1125 corporis
1066 1053 1228 1109 miserabilis
1249 1055 1339 1109 aniiuii
1357 1056 1431 1112 uelut
1454 1059 1504 1113 sub
1524 1062 1640 1130 pruinali
1655 1064 1741 1134 glaeie
1752 1082 1855 1134 comas,

226 1143 399 1215 superfluitas
412 1145 605 1201 abscindatur:
623 1144 707 1213 «orm
721 1144 807 1208 radet,
823 1144 919 1214 inquit.
934 1159 1016 1199 eccui·
1065 1151 1094 1196 et
1109 1140 1232 1197 loliorum
1251 1155 1411 1202 ornamenta
1424 1149 1546 1219 deponit,
1557 1161 1584 1207 et
1601 1158 1744 1212 recedente
1755 1159 1856 1228 gratia,

226 1235 306 1299 siem,
320 1243 351 1290 et
360 1234 537 1290 circumcidet
559 1249 674 1306 ungues.
697 1242 726 1290 et
738 1235 855 1304 deponet
874 1244 976 1291 restem
988 1234 1016 1288 io
1067 1234 1123 1304 ipsa
1137 1235 1246 1292 sibimet
1259 1237 1400 1304 derelicta,
1416 1249 1470 1295 tota
1482 1224 1616 1299 'remanet
1633 1246 1720 1310 arida,
1735 1258 1763 1303 et
1776 1252 1855 1319 quasi

227 1341 281 1396 qua
296 1336 374 1396 capta
388 1335 440 1391 cst,
456 1327 606 1397 sedensque
621 1327 647 1381 in
660 1327 740 1382 domo
754 1335 800 1380 tua
821 1325 896 1382 dcliii
910 1336 1015 1397 patrem
1067 1326 1248 1382 decidentium
1258 1326 1354 1383 llorum
1368 1331 1475 1386 ridetur
1489 1332 1588 1389 decore
1600 1335 1710 1390 nudata.
1724 1336 1778 1394 Sed
1793 1356 1856 1395 mox

226 1422 255 1469 et
268 1423 383 1469 matrem
404 1430 458 1475 uuo
473 1430 584 1481 meuse:
599 1424 626 1470 et
648 1425 741 1485 postea
753 1415 868 1475 intrabis
882 1416 916 1471 ad
931 1415 1015 1482 illam,
1067 1424 1097 1470 ut
1113 1415 1241 1487 lacrymae
1252 1432 1286 1473 er
1297 1433 1409 1476 munere
1432 1421 1520 1477 intimi
1533 1424 1694 1493 inspectoris
1704 1431 1856 1499 enipeiim,

227 1506 310 1581 299
334 1507 506 1578 dormiesque
539 1523 603 1564 cuni
624 1506 685 1572 illa,
720 1517 749 1562 et
778 1507 831 1562 erit
868 1522 936 1563 uxor
969 1517 1015 1561 tua
1067 1506 1190 1575 protinus
1201 1507 1257 1563 haic
1266 1507 1360 1564 eadem
1374 1510 1464 1565 anima
1477 1515 1624 1580 revirescit,
1639 1519 1755 1587 torporis
1767 1518 1856 1590 ignaui

227 1595 317 1665 (best.
338 1596 406 1666 xxi).
431 1615 441 1648 i
472 1596 578 1651 llulieri
602 1595 701 1665 quiippe
721 1596 861 1651 cesariem
884 1596 1015 1660 radimus,
1066 1594 1855 1676 lriqoreaooioliitur,ettauquamarlmriorna,dustri

228 1792 290 1833 inus
305 1795 314 1845 ;
327 1795 432 1851 ungues
445 1779 528 1839 eiiam
540 1779 769 1841 circumcidimus,
782 1794 842 1833 cum
853 1777 888 1832 ab
898 1793 931 1834 ea
945 1793 1017 1833 nior·
1067 1779 1192 1835 vestitur.

227 1877 274 1926 ttia
289 1884 403 1941 queque
423 1869 644 1939 superstitionum
666 1883 748 1938 opera
768 1869 936 1924 desecamus.
952 1870 1018 1935 Quae
1103 1871 1242 1943 lacrymae
1260 1889 1342 1944 porro
1360 1891 1420 1947 quae
1435 1892 1451 1932 a
1470 1878 1527 1936 lieo
1541 1890 1612 1944 suut,
1629 1883 1728 1941 diriiiae
1743 1887 1856 1944 exaudi-

228 1961 425 2020 etiimucstein
447 1962 594 2031 deponere,
620 1961 647 2015 iii
663 1976 714 2030 qua
728 1970 769 2015 est
782 1968 872 2031 capta,
892 1959 1017 2030 praecipi·
1068 1964 1150 2019 tionis
1175 1965 1293 2020 tribunal
1317 1967 1480 2025 liduciuliter
1505 1973 1615 2039 adeunt,
1637 1983 1665 2030 et
1680 1977 1857 2047 impetrantes

229 2059 294 2116 tut,
322 2060 352 2105 ut
379 2052 570 2121 superductam
599 2049 751 2105 bibulorum
778 2057 806 2103 et
836 2046 1018 2120 quorumlibet
1067 2063 1165 2126 piaesto
1178 2057 1250 2127 quoii
1264 2067 1370 2129 petunt,
1381 2062 1602 2131 deprecatorum
1614 2078 1768 2124 nostioniui
1781 2080 1855 2126 certa

208 2142 418 2233 §ipincntorum
432 2151 517 2199 exuat
544 2142 725 2213 superficiem,
749 2157 781 2197 ae
801 2141 916 2198 solidam
946 2155 1018 2196 rerae
1068 2145 1227 2203 remissione
1251 2149 1401 2207 conliduut.
1423 2150 1563 2224 Lacryuiae
1582 2157 1683 2212 suntin
1697 2157 1855 2215 imperanda

228 2234 342 2290 rationis
355 2235 482 2292 exhibeat
496 2235 647 2291 ueritatem.
1067 2235 1139 2292 inier-
1159 2237 1242 2293 neum
1262 2249 1290 2294 ep
1306 2240 1430 2298 pomino,
1443 2259 1511 2313 pace
1525 2257 1690 2316 sequestres,
1705 2259 1733 2304 et
1746 2265 1857 2307 ,mm

263 2323 374 2381 Patrem
391 2340 457 2381 uero
480 2333 509 2380 et
527 2335 641 2381 snutrein
657 2323 749 2390 dellet,
775 2324 839 2394 quia
865 2323 1016 2380 liberalium
1066 2337 1130 2383 sunt
1144 2338 1226 2400 atque
1236 2330 1401 2388 doctissime
1415 2332 1442 2388 in
1456 2334 1576 2404 qualibet
1593 2337 1718 2394 humanae
1729 2339 1857 2410 ignorau-

228 2425 357 2476 auctores
371 2416 470 2476 artium
492 2432 570 2472 mens
594 2425 685 2472 nostra
703 2427 826 2471 mortuos
850 2416 1018 2486 deprimet
1069 2420 1112 2475 tias
1130 2421 1269 2478 dubietate
1290 2424 1437 2495 magistrae.
1460 2425 1528 2481 Nam
1553 2428 1709 2486 dubitantes
1718 2446 1752 2487 er
1764 2431 1856 2503 aliquo

227 2521 277 2567 eos
295 2507 430 2571 inerrare
451 2506 564 2576 periisse
590 2506 778 2578 compatiendo
801 2506 932 2575 deplorat.
947 2506 1017 2561 Cori·
1067 2518 1157 2563 uirum
1169 2509 1225 2565 lieo
1239 2511 1356 2581 placeat,
1373 2527 1468 2579 necne,
1483 2532 1619 2588 nunquam
1635 2521 1855 2581 meliuseeriioa·

143 2600 156 2605 ’
227 2599 343 2659 muido
356 2608 446 2655 autem
473 2596 636 2652 sentinarum
655 2604 708 2663 est,
725 2612 774 2668 per
797 2610 1017 2666 unumquemque
1067 2599 1156 2654 dinem
1180 2600 1313 2670 capimus,
1335 2618 1416 2674 quain
1437 2619 1499 2661 curn
1521 2609 1655 2663 ueraciter
1673 2580 1856 2680 lacrymantes

228 2707 349 2750 inensem
369 2690 411 2751 sui
423 2689 562 2761 ”uguitio
582 2686 714 2749 ιίῐυιὶοιιι
727 2688 852 2758 purgari:
867 2694 927 2757 posi
942 2703 1018 2741 inett-
1066 2702 1186 2745 oramus.
1201 2689 1278 2745 'lunc
1290 2691 1363 2746 euim
1378 2691 1509 2764 quidquid
1522 2696 1655 2765 agendum
1671 2711 1747 2751 mens
1761 2706 1855 2755 nostra

228 2797 287 2837 scm
301 2781 391 2851 itaque
404 2780 438 2835 ad
454 2780 525 2836 lisine
552 2777 693 2832 moliorem
719 2777 820 2835 intrare
834 2778 1015 2849 precipimur,
1067 2780 1229 2845 decreuerit,
1246 2796 1328 2851 super
1340 2783 1392 2839 lioe
1410 2798 1504 2840 rursus
1521 2786 1659 2857 ambigere
1673 2787 1855 2842 necessarium

229 2881 355 2928 utarteni
374 2869 516 2936 cuiuslibet
540 2869 688 2939 discipline
700 2869 773 2927 omui
793 2870 1017 2939 supersiiiiouum
1063 2870 1119 2940 jani
1143 2888 1196 2927 nori
1217 2873 1278 2929 erit.
1293 2872 1431 2946 Lacrymae
1444 2892 1526 2946 porro
1540 2877 1645 2932 diluunt
1657 2893 1737 2933 omne
1752 2878 1856 2948 spinei-

229 2962 355 3033 coutaqio
368 2961 536 3025 defaecatam,
550 2959 623 3015 velot
640 2960 669 3029 in
680 2959 836 3031 conjugium
847 2959 1015 3025 sortiamur;
1069 2961 1167 3015 tiamm
1181 2962 1208 3016 iit
1221 2963 1364 3020 meretrice
1373 2966 1527 3037 contagium
1541 2965 1617 3036 (Luc.
1628 2965 1688 3035 rii),
1703 2976 1730 3022 et
1740 2966 1857 3025 immun·

229 3061 366 3125 quatenus
387 3052 446 3121 iarn
477 3049 624 3106 israelitica
653 3048 736 3114 lacta,
765 3057 963 3119 cousequenter
987 3048 1855 3126 incdismanibustribuunt(ll'iiiili.11ri),utnousolum

228 3142 360 3199 israelite
378 3142 532 3213 eonjugium
560 3150 690 3206 trauseat,
717 3147 746 3196 et
785 3139 854 3195 bene
874 3137 1018 3193 iocundam
1068 3138 1176 3210 pedum,
1191 3138 1278 3196 sedet
1293 3140 1854 3211 Dominicicapitismereamurattaetum.

229 3233 410 3307 spiritualium
424 3248 538 3304 operum
552 3232 672 3289 sobolem
691 3231 793 3287 reddat.
811 3230 845 3285 Et
856 3230 914 3285 liaeo
927 3229 1019 3284 omnia
1068 3232 1207 3304 laaei'ymae
1222 3232 1354 3297 tribuunt,
1375 3243 1405 3288 ot
1429 3242 1542 3304 negator
1557 3233 1694 3304 apostolus
1709 3249 1762 3289 uon
1775 3236 1856 3292 niodo

229 3325 284 3381 illis
297 3325 391 3396 procul
404 3325 486 3381 dubio
497 3333 659 3395 congruunt,
677 3323 722 3395 qui
737 3323 765 3378 in
786 3320 909 3379 seculari
923 3320 1018 3375 militia
1068 3337 1121 3377 uoii
1135 3331 1230 3393 pereat
1244 3324 1355 3379 omniuo
1369 3333 1431 3394 post
1443 3323 1565 3395 lapsum,
1585 3325 1631 3380 sed
1646 3325 1717 3380 ultro
1730 3327 1811 3382 etiam
1826 3336 1857 3381 ut

228 3418 382 3476 liberalium
394 3418 546 3476 studiorum
561 3417 664 3477 artibus
686 3416 872 3474 instruuntur:
890 3421 1019 3469 ceterum
1069 3428 1151 3485 super
1178 3425 1291 3472 caeteios
1320 3414 1439 3471 coelostis
1464 3417 1548 3472 euriae
1571 3426 1710 3473 senatores
1734 3419 1857 3475 obtineat

229 3511 393 3581 quiburuou
408 3509 472 3568 ieet
484 3509 567 3565 etiarn
580 3525 642 3564 euin
658 3507 809 3579 hospitibus
820 3505 893 3577 loqui
908 3504 951 3575 (S.
965 3502 1018 3567 Bii-
1068 3504 1259 3575 principatum.
1286 3505 1427 3581 lacrymae
1447 3505 1630 3573 coutulerunt,
1653 3518 1682 3562 ιιι
1695 3506 1780 3563 llarid
1794 3517 1857 3579 post

229 3614 293 3656 nn.
309 3598 427 3669 Req.,c.
445 3596 502 3664 55),
518 3598 545 3659 iu
563 3596 661 3668 linibus
676 3595 801 3653 uidelicet
820 3595 878 3665 ipse
893 3593 1038 3650 Cliristus·
1068 3594 1194 3652 adulterii
1208 3596 1330 3651 simulet
1346 3595 1483 3653 homicidii
1502 3595 1545 3668 (ll
1560 3596 1625 3667 lleq.
1639 3600 1689 3669 xii)
1700 3597 1856 3668 prolundis·

230 3689 391 3760 alloquitur,
405 3698 433 3749 et
455 3689 625 3759 suscipitur:
644 3687 691 3758 qui
709 3701 762 3742 non
780 3685 833 3745 uisi
852 3683 886 3739 ad
901 3684 1019 3741 iuterro-
1069 3684 1167 3740 simum
1191 3685 1349 3741 barathrum
1363 3699 1417 3741 iiou
1428 3687 1509 3741 modo
1528 3701 1641 3757 reguum
1656 3702 1716 3742 cum
1730 3686 1785 3742 rita
1799 3702 1854 3741 nou

231 3784 370 3856 petionem
385 3796 417 3838 os
432 3782 539 3854 aperire
550 3780 690 3845 debemus,
701 3785 801 3839 etcum
825 3775 1018 3839 redcimur,ex
1069 3773 1265 3844 perdorei,sed
1280 3775 1350 3831 ultro
1369 3776 1452 3831 etiam
1467 3776 1674 3850 pmmissiouem
1696 3778 1855 3834 beredisex

232 3868 291 3940 bit
305 3869 388 3925 eliam
406 3883 484 3925 tacta
498 3866 614 3924 lectione
632 3863 776 3923 consulere
798 3876 851 3916 ¹¹⁰¹·
867 3860 1018 3924 ³⁰11&th
1069 3879 1099 3920 se
1119 3866 1253 3926 nascituri
1268 3881 1329 3922 cum
1340 3865 1496 3936 iuramento
1511 3877 1664 3937 susceptam
1680 3868 1857 3924 immobiliter

230 3960 367 4031 quomodo
380 3959 461 4023 Ιίιιιι
474 3956 617 4015 theatralia
630 3953 868 4027 tmmmtliwwm
879 3949 1019 4022 gymnasia
1070 3956 1213 4020 obtineret,
1226 3956 1272 4027 qui
1286 3966 1314 4012 ct
1330 3957 1404 4028 regui
1419 3957 1460 4011 sui
1475 3957 1584 4022 solium,
1598 3965 1627 4012 et
1637 3959 1757 4013 omnium
1772 3972 1853 4029 repra

229 4050 379 4111 insolerter
390 4052 553 4122 irrumpere,
564 4058 594 4109 ci
602 4047 683 4117 ,rdet
696 4046 767 4102 inter
779 4042 939 4100 nundinales
950 4044 1020 4099 sile·
1071 4061 1208 4109 terrarum
1232 4057 1362 4121 perpetuo
1383 4048 1545 4120 possideret¹
1565 4048 1706 4120 hacrymis
1726 4058 1770 4105 ω)
1786 4064 1855 4104 ωῃ.

229 4141 303 4211 pitus
322 4158 392 4198 iana
411 4157 477 4202 cunt
496 4141 670 4200 secularibus
688 4138 771 4195 rerba
786 4136 934 4193 conferre?
956 4135 1020 4191 ttae
1070 4155 1191 4205 cessum,
1210 4149 1241 4194 ut
1254 4139 1387 4194 morituro
1410 4154 1473 4194 ruer
1500 4139 1623 4194 Ezechiae
1644 4138 1697 4193 tria
1722 4153 1854 4195 summm

231 4240 323 4292 autem
336 4235 467 4288 aduersus
480 4230 628 4287 inonaclios
640 4228 719 4299 nugis
739 4227 905 4282 exteriorum
918 4225 1019 4284 artium
1071 4233 1154 4287 lustra
1168 4231 1202 4286 aii
1214 4230 1296 4285 ritum
1310 4230 1561 4300 bousomnipoteus
1571 4230 1692 4293 adderet,
1706 4237 1735 4283 et
1746 4229 1857 4298 insuper

231 4323 384 4395 implicatos
397 4324 524 4387 diximus,
532 4331 562 4376 ut
573 4337 666 4382 sonim
681 4320 787 4375 vanitas
806 4333 888 4388 quain
899 4317 1019 4388 procula
1070 4337 1100 4377 se
1112 4329 1141 4376 ct
1163 4319 1259 4377 urbem
1276 4318 1444 4375 Hierusalem
1456 4318 1490 4373 ile
1503 4318 1575 4389 regis
1586 4318 1757 4388 Assyriorum
1772 4317 1857 4373 niani·

232 4415 307 4477 littus
315 4413 485 4473 rectitudinis
498 4414 643 4477 exorbitet,
655 4421 878 4469 monstraremus.
1032 4400 1059 4460 D
1072 4414 1123 4468 bus
1134 4410 1262 4466 liberaret
1277 4409 1330 4481 (ll'
1345 4408 1409 4478 lieq.
1428 4407 1486 4478 aa).
1507 4407 1646 4477 lacrymis
1665 4415 1741 4462 certe
1765 4406 1856 4462 divina

527 4500 716 4559 uteorxtl.
1070 4502 1158 4575 pietas
1178 4499 1304 4565 contulit,
1319 4506 1349 4553 ut
1365 4498 1461 4553 Suram
1480 4497 1608 4567 Rugiielis
1630 4496 1713 4550 liliam
1736 4495 1771 4550 de
1795 4496 1857 4550 iiii·

460 4592 588 4651 betesda
599 4591 787 4663 lacrymarum.
1070 4592 1130 4649 culo
1143 4592 1230 4664 turpis
1248 4588 1403 4662 improperii
1422 4588 1572 4645 elementer
1591 4586 1752 4650 absolveret,
1775 4594 1803 4640 et
1822 4586 1857 4641 ad

267 4688 345 4749 Ultro
360 4687 569 4758 etiamexpcdit,
584 4686 780 4756 etquicunque
794 4681 1018 4739 traiersaeculum
1069 4683 1142 4753 digni
1158 4683 1210 4737 iiii
1233 4680 1368 4743 tlialamos
1392 4676 1504 4748 nuptiali
1529 4691 1577 4746 per
1605 4676 1730 4746 angelum
1755 4674 1859 4729 ledere

231 4780 352 4852 perlecto
365 4780 447 4835 eorde
463 4777 594 4844 deseruit,
621 4792 653 4832 ea
673 4777 730 4848 ipsa
744 4791 805 4847 quae
825 4775 876 4830 sibi
885 4772 941 4841 jain
955 4781 1019 4827 uota
1070 4773 1220 4829 destinaret
1234 4770 1309 4842 (loli.
1325 4770 1385 4840 ru).
1403 4766 1542 4839 lacrymis
1566 4766 1722 4836 impetrauit
1746 4764 1858 4827 Estlier,

230 4880 304 4936 sicut,
313 4870 337 4926 si
356 4870 437 4927 noxia
450 4871 600 4940 prolientur
610 4884 679 4936 csse,
697 4868 828 4930 «tulisset,
843 4876 870 4920 et
890 4862 1017 4918 oblivioni
1071 4871 1100 4917 ut
1114 4850 1290 4918 isca'elitieuui
1305 4859 1432 4931 populum
1446 4858 1518 4912 bem
1531 4856 1565 4915 ile
1579 4855 1717 4911 communi
1733 4854 1857 4923 periculo

230 4972 377 5034 perpetue.
389 4965 416 5019 iri
431 4973 562 5034 quantum
576 4962 710 5033 praevalet,
737 4960 836 5014 tradat.
851 4957 959 5013 Nesciat
970 4957 1019 5012 ita·
1068 4954 1229 5027 perditionis
1247 4954 1378 5023 eriperet,
1395 4960 1424 5007 et
1439 4950 1466 5005 in
1480 4949 1578 5013 burun,
1604 4948 1675 5018 quod
1699 4947 1756 5015 ipse
1778 4960 1860 5016 para·

172 5062 175 5069 “
229 5052 351 5124 quejani
371 5054 509 5123 disputare
531 5052 682 5123 decoquis,
700 5052 806 5121 ignoret
826 5047 1019 5104 esculentiores
1069 5051 1159 5105 reiut,
1183 5039 1313 5111 propositi
1337 5037 1474 5109 suspendii
1499 5034 1662 5092 seutentiam
1688 5040 1859 5100 retorqueret

173 5140 180 5173 ²
229 5143 359 5213 praeferre
382 5143 543 5198 lautioribus
557 5142 635 5208 ciliis,
660 5157 712 5195 non
722 5140 779 5210 juni
793 5138 891 5193 calleat
903 5136 1016 5198 urbana,
1069 5135 1176 5206 (lirilier
1200 5135 1265 5201 xri).
1285 5129 1424 5200 [lacrymae
1445 5126 1621 5183 uiliilominus
1647 5123 1788 5181 contulere
1808 5122 1858 5177 iu·

162 5224 171 5231 ’
229 5233 272 5289 vel
283 5234 404 5305 captiosa
419 5234 501 5288 rerba
523 5231 654 5302 proferre,
682 5247 735 5285 uon
749 5226 1018 5285 rlietoricoseolorcs
1070 5227 1139 5290 ditli,
1161 5233 1193 5279 ut
1214 5232 1242 5277 ct
1266 5231 1347 5291 caput
1369 5204 1539 5275 abscinderet
1560 5214 1739 5286 liolopliernis
1753 5211 1859 5281 (inditi

228 5320 258 5378 iu
272 5339 338 5380 osus
350 5323 460 5378 timiule
479 5320 683 5379 declamationis
697 5334 847 5382 assumere,
871 5332 924 5373 non
940 5315 1017 5371 deui-
1068 5316 1148 5385 aiiii,
1216 5323 1245 5368 et
1268 5312 1339 5366 iutra
1365 5309 1519 5366 cubiculum
1540 5306 1705 5362 luxuriantis
1723 5302 1860 5359 dlecebre

229 5426 284 5484 que
302 5431 351 5486 per
371 5416 443 5473 sales
467 5425 548 5488 atque
569 5413 682 5469 lacetias
697 5413 780 5467 risum
802 5409 911 5466 cuilibet
925 5415 1017 5463 extur-
1068 5405 1162 5459 liorem
1176 5419 1229 5458 non
1248 5404 1386 5457 amitteret
1396 5399 1579 5471 pudicissima·
1595 5395 1750 5452 eastitatis·

230 5519 323 5576 quere.
337 5504 472 5574 ieiunium
496 5516 579 5572 amet,
596 5503 809 5581 necessariarum
831 5514 1018 5576 reiunipciiu-
1104 5497 1174 5563 outo
1197 5496 1230 5551 de
1254 5495 1414 5551 centurione
1438 5491 1566 5548 Cornelio
1590 5489 1706 5544 referam
1731 5485 1800 5556 (Art.
1815 5480 1859 5550 xi,

230 5598 300 5659 tium
314 5596 413 5669 diligat,
429 5607 552 5669 aspectus
571 5597 710 5653 bominum
727 5593 822 5665 fugiat,
844 5592 895 5651 sub
916 5590 1017 5649 silentii
1069 5590 1114 5660 qui
1134 5601 1246 5646 imiiiore
1264 5586 1446 5658 lieryiuamm
1470 5581 1625 5653 apostolicae
1645 5576 1743 5633 nicriiit
1762 5574 1859 5627 visita·
