4017 6192
232 248 287 309 ire
461 246 491 308 s.
512 245 625 310 rimu
644 246 808 310 neurim
825 248 905 310 een.
925 251 1052 314 renus
1072 250 1143 314 siin
1165 251 1260 318 rins
1278 256 1331 319 ni.
1355 289 1385 302 -
1406 239 1601 323 bruscum
1620 264 1750 328 viem.
1931 273 1994 344 iso

226 354 392 473 'infernum
406 370 462 431 Hic
479 370 714 473 presumptionis
731 386 784 430 nos
812 372 932 434 fortusse
954 375 1023 451 quis
1039 392 1088 436 ar·
1098 377 1256 453 Abibetur,
1272 390 1305 445 ut
1320 401 1387 446 cum
1406 387 1562 462 imperator
1577 387 1643 465 quis
1657 387 1690 448 in
1704 390 1845 466 dignitate
1858 401 1994 471 creatur,

172 549 177 562 ·
233 467 311 538 pust,
337 477 362 521 si
383 463 552 523 authentice
574 460 730 536 Scripturae
748 464 891 556 sepientis
904 481 962 527 non
987 483 1088 528 oecur-
1129 487 1199 532 mox
1212 481 1244 533 ut
1255 475 1457 552 imperialibus
1466 479 1555 538 fuerit
1566 479 1671 540 ιειειιε
1683 482 1836 547 redimitus
1858 503 1981 551 cerense

233 561 286 614 ret.
305 551 361 614 Sed
376 568 440 613 eece
454 551 565 656 Paulus
577 552 737 653 (borintbiis
753 553 844 614 dicit:
862 578 873 609 ι
892 556 995 617 Omnia
1009 560 1089 619 enini
1128 560 1217 623 simul
1239 580 1271 624 ac
1293 568 1397 642 sceptri
1411 564 1507 644 glorie
1516 567 1675 643 decoratus,
1691 588 1759 632 cum
1772 531 1900 653 denique
1919 535 1993 655 pro:

233 651 330 706 vestra
355 650 433 713 sunt,
458 659 520 703 sive
535 641 656 715 Paulus,
680 658 741 702 sire
758 645 872 719 Apollo,
893 646 955 726 sire
968 649 1088 723 tlepbas,
1130 665 1229 711 oerum
1243 652 1367 714 vallatur
1382 656 1540 732 obsequiis,
1555 674 1623 717 cuin
1641 661 1785 735 excipitur
1805 664 1991 725 modulanti·

233 736 296 797 sive
310 737 360 795 bic
382 733 521 804 mundns,
541 733 603 792 sive
616 732 684 804 vita,
701 734 763 795 sive
778 750 865 805 mors,
884 737 946 796 eive
959 754 1089 813 praesen·
1129 739 1185 801 bus
1207 742 1391 816 psallentium
1407 743 1513 817 eboris,
1531 745 1649 821 quidam
1671 748 1728 808 sibi
1749 759 1852 826 praesto
1877 754 1913 812 iit
1939 755 1993 812 ob·

234 827 282 895 tia,
299 825 360 884 sire
376 826 482 885 lutura.
498 823 602 885 Omnia
616 822 695 882 enim
719 831 814 884 vestra
831 831 910 898 sunt,
923 842 977 887 ros
989 829 1089 889 antini
1129 828 1206 901 vius,
1222 831 1273 905 qui
1286 831 1421 890 videlieet
1432 848 1490 892 una
1506 848 1594 892 manu
1608 835 1759 897 vasculum
1776 839 1897 913 plenum
1914 855 1995 900 mor·

234 915 350 986 Christi,
369 914 503 990 Christus
528 920 625 973 autem
644 913 697 973 liei
713 914 735 989 (l
748 916 807 973 cor.
822 916 871 990 ιιι).
899 939 910 968 ι
938 916 995 977 Sed
1020 925 1090 978 tunc
1130 923 1248 976 tuorum
1266 916 1381 977 ossibus
1395 933 1429 978 ac
1443 918 1614 994 pulveribus
1631 921 1753 994 oderat;
1779 925 1813 983 iu
1835 926 1894 985 alie
1919 942 1993 987 vero

232 1006 331 1066 omnia
346 1009 415 1065 sunt
427 1001 568 1064 veraciter
584 1001 722 1071 bominis,
739 1001 764 1060 si
779 1001 840 1093 ipse
856 1002 945 1064 bomo
957 1006 995 1063 slt
1010 1021 1089 1065 vera·
1130 1011 1264 1081 stuppam
1283 1007 1338 1068 lini
1361 1009 1506 1070 subtiliter
1530 1027 1645 1086 pexam,
1671 1029 1706 1072 ac
1731 1014 1811 1090 pilis·
1822 1016 1993 1090 pensilibus

234 1098 306 1157 citer
319 1098 422 1174 bomo,
434 1091 485 1155 list
498 1095 578 1153 enim
595 1094 647 1171 qui
664 1093 725 1154 solo
744 1093 862 1153 nomine
880 1095 918 1154 sit
935 1095 1034 1171 bomo,
1048 1101 1092 1156 est
1131 1095 1258 1157 mollier
1275 1096 1463 1164 demollitam,
1477 1097 1525 1157 ciii
1539 1099 1672 1173 protinus
1685 1099 1763 1173 ignis
1779 1102 1949 1176 adhibetur,
1962 1111 1992 1163 et

233 1188 286 1263 qul
302 1188 396 1262 reipsa
409 1191 437 1245 et
450 1184 571 1246 veritate
583 1184 621 1243 sit
633 1184 732 1245 bomo.
988 1205 991 1210 ·
1131 1189 1248 1260 repente
1266 1185 1298 1244 in
1316 1185 1376 1245 ictu
1396 1185 1473 1246 oculi
1488 1186 1604 1247 damma
1618 1185 1714 1248 subito
1729 1197 1859 1263 vorante,
1877 1208 1990 1253 consu·

270 1279 348 1339 Audi
365 1276 571 1338 Salomonem:
592 1296 605 1329 i
621 1275 734 1348 Finem,
752 1276 860 1351 inquit,
874 1275 1013 1352 loquendi
1028 1292 1092 1338 om·
1132 1276 1245 1336 mitur:
1263 1276 1342 1336 utin
1361 1274 1451 1336 altere
1465 1276 1569 1335 debeat
1586 1277 1767 1340 considerare
1786 1280 1862 1355 quod
1881 1287 1938 1356 est,
1958 1284 1989 1342 in

234 1384 287 1430 nes
304 1366 411 1444 pariter
424 1365 600 1425 audiemus:
620 1364 715 1425 Deum
730 1365 811 1437 time,
831 1371 862 1425 et
877 1366 1013 1425 mandata
1029 1366 1093 1442 ejus
1132 1365 1223 1425 altero
1238 1363 1331 1424 valent
1344 1363 1443 1424 videre
1461 1364 1539 1439 quod
1555 1366 1651 1426 babet.
1668 1368 1703 1427 Ιε
1722 1368 1870 1431 cineribus
1891 1372 1990 1447 siqui·

233 1458 376 1519 obssrve:
405 1454 461 1514 boc
488 1460 531 1514 est
555 1453 636 1513 enim
656 1454 856 1515 omnishomo
876 1456 970 1539 (llecle.
989 1459 1055 1529 ιιι).
1077 1477 1089 1510 i
1133 1459 1199 1517 dem
1211 1471 1242 1516 se
1255 1455 1383 1515 cinerem
1398 1456 1583 1530 recognoscit,
1599 1458 1630 1517 in
1644 1464 1745 1534 stuppa
1755 1460 1817 1533 jam
1830 1461 1946 1536 colligit
1959 1464 1989 1522 in

200 1601 205 1610 .
235 1548 307 1621 Quis
322 1552 365 1606 est
378 1550 476 1607 sutem
497 1543 566 1605 linis
585 1544 737 1620 loquendi,
751 1546 809 1605 nisi
823 1546 884 1618 ille,
899 1547 935 1606 de
949 1561 1009 1623 prio
1023 1546 1093 1606 dicit
1132 1544 1180 1604 die
1196 1542 1302 1619 judicii
1322 1558 1411 1618 quam
1432 1544 1529 1604 subito
1551 1544 1679 1605 mundus
1693 1545 1824 1616 ardebit;
1842 1554 1990 1623 quatenus

233 1634 409 1712 Apostolus:
427 1633 539 1692 «binis
554 1633 634 1693 enim
650 1632 721 1707 legis
741 1636 777 1692 ad
800 1634 944 1707 justitiam
959 1632 1093 1695 Ctiristus
1133 1634 1204 1694 duni
1220 1650 1260 1706 se,
1277 1634 1364 1694 simul
1383 1650 1418 1693 ac
1434 1648 1489 1693 sua
1503 1638 1561 1691 tam
1577 1648 1662 1704 vana,
1680 1638 1738 1692 tam
1753 1633 1989 1710 floccipendenda

234 1722 476 1785 omnicredentit
489 1722 576 1792 (Rom,
588 1722 659 1794 ει»
676 1720 759 1781 Finis
770 1722 878 1797 quippe
886 1723 959 1798 legis
967 1721 1204 1803 adusti-3481
1229 1723 1401 1796 considerat,
1426 1724 1462 1783 de
1483 1720 1645 1796 imperialis
1659 1723 1799 1783 culminis
1812 1740 1934 1787 ascenso
1946 1728 1989 1785 ia-

210 1855 214 1862 ,
235 1814 305 1874 tiam
327 1810 459 1871 cbristus
473 1814 517 1868 est
528 1826 537 1881 ;
561 1809 632 1885 quia
651 1809 805 1885 quidquid,
828 1810 890 1870 sive
912 1817 1006 1885 vetus,
1031 1812 1093 1871 sire
1133 1810 1219 1885 stigio
1247 1810 1414 1871 nullatenus
1439 1810 1612 1880 insolescat;
1633 1811 1671 1868 ει
1685 1808 1756 1870 dum
1771 1826 1930 1887 possessor,
1945 1820 1987 1872 at·

235 1917 311 1963 nora
322 1900 370 1961 leii
382 1898 522 1975 loquitur,
534 1897 570 1957 ad
582 1897 667 1957 illuni
682 1898 747 1957 sine
761 1899 942 1961 dubitatione
954 1902 1091 1966 refertur,
1132 1914 1192 1976 que
1204 1899 1346 1973 possessio
1361 1898 1510 1974 subjacere
1523 1899 1674 1958 communi
1688 1899 1820 1959 omnium
1834 1902 1918 1961 casui
1931 1918 1987 1961 non

234 1993 281 2052 Ad
291 1989 436 2067 justitiam
451 2001 520 2048 vero
534 2001 593 2047 non
605 1987 695 2046 otiose
710 1987 825 2060 dicitur,
842 1989 913 2062 unia
925 1988 1038 2049 divinae
1052 1989 1092 2049 le·
1131 1986 1301 2061 ambigitur,
1324 1987 1385 2062 J‘ani
1409 1985 1493 2062 qussi
1512 1985 1548 2044 de
1572 1985 1716 2060 singulari
1731 1986 1882 2062 dignitatis
1897 1991 1987 2067 apios,

235 2079 280 2156 gis
302 2094 396 2139 sermo
414 2076 565 2151 justificat,
581 2080 610 2134 et
627 2076 755 2136 animam
772 2092 789 2134 ε
809 2076 943 2136 sordibus
957 2079 1090 2152 mundat,
1132 2078 1184 2155 qui
1196 2078 1232 2137 ed
1245 2093 1360 2138 summa
1378 2082 1531 2154 provectus
1544 2081 1596 2148 est,
1612 2092 1672 2137 non
1685 2079 1813 2140 infletur.
1925 2129 1928 2134 .

234 2169 310 2230 sicut
327 2166 478 2242 discipulis
497 2164 610 2225 Veritas
626 2165 688 2225 sit:
711 2189 725 2219 ι
750 2163 815 2226 Jam
832 2182 883 2226 vos
903 2166 1008 2228 muudi
1024 2168 1093 2227 estis
1171 2168 1330 2230 Pulchrum
1365 2182 1433 2242 ergo
1466 2166 1624 2226 mundeuae
1651 2166 1826 2227 conditionis
1854 2168 1986 2229 ordinem

233 2261 351 2331 propter
372 2267 546 2323 sermonem,
570 2267 658 2327 quem
685 2251 798 2313 loculus
817 2267 884 2313 suni
898 2254 981 2314 vobis
1000 2259 1091 2325 (loon.
1133 2256 1221 2316 bomo
1243 2257 1415 2330 consideret,
1432 2255 1544 2317 etdum
1565 2256 1627 2316 suls
1648 2256 1751 2318 usibus
1772 2258 1872 2318 omnia
1894 2261 1986 2319 cernit

235 2351 332 2418 xvp-
357 2342 453 2404 Deum
479 2359 548 2403 vero
573 2343 686 2414 timere,
714 2349 757 2403 est
783 2350 896 2416 cuncte,
922 2359 989 2419 quae
1016 2344 1094 2405 Deus
1133 2348 1263 2417 attribui,
1283 2363 1343 2407 non
1358 2347 1425 2420 sibi,
1444 2348 1494 2407 sed
1509 2364 1563 2408 suo
1577 2347 1802 2422 reseratgratias
1815 2349 1964 2409 conditori
1976 2370 1985 2422 ;

233 2436 378 2515 probibet,
406 2433 585 2494 exsecrando
619 2439 647 2492 et
674 2432 871 2493 abominando
897 2441 1092 2494 mntemnere.
1134 2435 1347 2496 lenocinantem
1362 2435 1466 2495 mundi
1478 2435 1601 2510 gloriam
1614 2433 1669 2494 sub
1680 2434 1784 2508 judieii
1799 2436 1845 2497 siri
1858 2437 1985 2496 calcibus

235 2524 370 2586 Mandata
392 2522 474 2582 illins
494 2520 648 2581 observare
670 2524 722 2592 est,
744 2520 853 2592 omnia,
869 2534 937 2595 quie
950 2519 1092 2597 praecipit,
1133 2525 1285 2601 deprimat,
1299 2524 1426 2584 virorem
1447 2525 1544 2584 carnis
1559 2521 1674 2583 aridum
1685 2524 1747 2597 jam
1760 2524 1912 2599 pulverem
1925 2541 1986 2586 cre·

235 2613 534 2693 operibusexercere.
774 2660 777 2667 .
1134 2613 1192 2684 dat,
1219 2613 1297 2672 diem
1324 2627 1386 2672 sure
1410 2611 1569 2672 vocationis
1594 2617 1731 2686 unquam
1753 2612 1909 2687 speculum
1927 2611 1986 2671 suis

271 2705 326 2767 Ille
340 2720 408 2780 ergo
423 2704 519 2790 lleurn
533 2703 625 2775 timet,
640 2703 692 2779 qui
705 2702 809 2778 sategit
821 2715 924 2762 cerere
938 2701 1016 2776 quod
1032 2716 1096 2777 pro
1134 2719 1248 2778 semper
1260 2703 1411 2763 obtutibus
1424 2707 1587 2777 anteponat,
1610 2701 1772 2763 districtum
1795 2701 1911 2763 ultimae
1929 2702 1984 2761 dis

238 2797 328 2857 bibet.
342 2793 545 2855 Illemandata
559 2795 623 2868 ejus
638 2792 782 2866 observat,
797 2792 848 2867 qui
862 2792 958 2851 studet
973 2792 1095 2866 implere
1135 2791 1279 2851 iussionis
1312 2789 1458 2865 judicium
1484 2789 1714 2850 contremiscet:
1745 2795 1891 2865 quatenus
1918 2794 1985 2851 dum

238 2885 317 2960 qued
342 2883 475 2958 imperat.
497 2881 590 2940 Deum
609 2895 678 2955 ergo
699 2879 781 2951 time,
806 2883 834 2938 et
858 2878 991 2938 mandati
1014 2878 1096 2939 illius
1135 2895 1215 2939 nunc
1233 2879 1433 2940 Creatorissui
1449 2877 1561 2952 legibus
1574 2875 1719 2950 subditur,
1733 2877 1784 2951 qui
1809 2878 1888 2938 inter
1910 2895 1985 2938 croi·

238 2973 380 3033 observa:
399 2971 453 3029 boc
469 2975 512 3028 est
526 2968 605 3028 enim
620 2966 716 3027 omnis
731 2968 828 3027 bomo.
844 2967 926 3026 Acsi
944 2966 1096 3042 perspicue
1134 2984 1226 3040 iuras,
1251 2983 1318 3042 quse
1340 2973 1463 3025 terrenae
1479 2969 1556 3037 sunt,
1573 2964 1690 3025 videtur
1704 2964 1839 3039 insignis,
1854 2965 1889 3026 in
1904 2965 1985 3026 coele·

238 3061 335 3120 dicat:
356 3059 411 3131 Qui
431 3073 490 3117 non
506 3057 651 3117 studuerit
672 3071 774 3116 cavere
797 3055 954 3132 probibiia,
969 3056 1021 3131 oui
1042 3071 1095 3116 ne·
1106 3058 1174 3165 csti
1188 3073 1304 3135 quoque
1316 3057 1408 3133 gloria
1421 3056 1561 3118 veraciter
1574 3053 1612 3115 sit
1625 3043 1771 3115 subliinis.

239 3151 365 3229 glexerit
377 3150 499 3226 implere
513 3154 677 3224 praecepta3
695 3146 765 3223 quia
781 3147 893 3207 ratione
906 3152 993 3218 earet,
1010 3161 1094 3214 rocar
1475 3151 1484 3164 '
1543 3175 1579 3190 -

239 3243 344 3303 bulum
358 3241 477 3318 quidem
493 3240 622 3301 bominis
638 3238 732 3310 babet,
750 3239 800 3297 sed
815 3237 945 3298 bominis
957 3252 1021 3298 esse
1036 3252 1096 3297 non
1433 3256 1507 3317 432
1522 3257 1692 3322 ερΗΟῙΛῙΑο

239 3331 345 3403 ιιειιεις
368 3330 516 3405 quianon
542 3327 682 3388 veraciter
704 3326 798 3386 utitur
821 3327 930 3388 virtute
956 3324 1095 3398 nominis,
1167 3341 1268 3420 qim-3,
1298 3364 1411 3420 ww,
1440 3364 1498 3418 qu„
1526 3351 1620 3414 pm,
1649 3353 1780 3410 pam-0,
1807 3350 1914 3406 appu,
1941 3348 1985 3405 30.

240 3437 299 3498 quo
312 3428 457 3482 censetur.
471 3419 526 3480 llle
539 3419 682 3480 nimirum
695 3418 836 3478 recredet
848 3417 989 3478 veraciter
1001 3418 1099 3479 bomi-
1139 3417 1218 3484 mito,
1245 3428 1302 3469 orio
1325 3419 1407 3467 carsii
1431 3414 1524 3467 itodto
1545 3416 1709 3481 oeiinecriio,
1733 3417 1839 3475 inicere
1861 3429 1926 3469 vero
1945 3415 1984 3466 die

240 3502 1101 3585 nemquibominumrecognoscitbuctorem:alioquinqui
1141 3477 1688 3606 {Q‘gffi,ss'}⁰'}‚dfflf,0²⁸⁶f,ffffi,f³2⁸„ff
1704 3476 1987 3606 cffifflffuffiffl

241 3599 366 3675 ignorit,
387 3597 569 3673 ignorabitur
590 3600 614 3671 (l
636 3600 695 3657 Gor.
720 3597 794 3670 xlv).
819 3596 894 3668 Quid
916 3603 1013 3655 autem
1039 3595 1103 3655 sine
1141 3609 1216 3658 ιεειε
1241 3604 1289 3656 illa
1313 3605 1363 3661 est,
1389 3605 1418 3654 ut
1441 3613 1529 3666 usque
1558 3602 1593 3653 id
1617 3616 1667 3656 εεε
1687 3607 1809 3666 tempora
1833 3613 1896 3655 eim
1922 3614 1985 3653 nun·

244 3691 341 3774 bissis
355 3692 454 3762 homo,
468 3691 618 3767 perspicue
634 3689 737 3749 definit
752 3689 910 3764 Scriptura,
926 3704 992 3748 cum
1008 3688 1078 3748 dicit
1093 3706 1101 3749 ε
1142 3679 1225 3793 ffim
1237 3665 1807 3791 ffiffffiffpffiffenoeffiffifi‘uffiefflss
1830 3663 1987 3780 ffiu'fohffi

245 3780 1101 3854 «Stellaenoosuntmundaeinconspeetueiustlobxxvii»
1144 3793 1173 3845 in
1204 3786 1411 3843 commonere
1446 3787 1573 3840 nemim
1606 3791 1779 3850 morienne.
1804 3789 1899 3853 iisque
1924 3788 1988 3839 sisui

133 3857 135 3862 ’
244 3879 354 3948 quanto
366 3870 460 3945 magis
470 3871 558 3931 bomo
567 3870 700 3945 putredo,
710 3875 737 3929 et
746 3869 825 3929 iilius
835 3869 1105 3929 hominisvermist
1143 3848 1986 3977 {321⁰ssngimmffifflfflggfmffiff'fflmflwlff}

244 3961 328 4024 Unde
340 3965 368 4021 et
381 3959 529 4022 Abrabam
544 3976 611 4020 cuni
624 3961 660 4020 ad
674 3976 799 4022 sumniae
819 3958 1018 4020 collocutionis
1039 3958 1103 4020 cul·
1147 3979 1266 4032 ,porro
1291 3976 1365 4028 isaei
1387 3987 1486 4034 cursor
1516 3975 1705 4029 sonorissimus
1746 3977 1792 4039 uli,
1820 3977 1899 4040 qnasi
1923 3981 1987 4025 unii

199 4061 202 4064 ’
244 4063 313 4110 men
326 4050 476 4124 attollitur,
492 4067 560 4111 eum
575 4051 684 4111 divinae
697 4048 1041 4122 familiariiaospratiam
1053 4063 1103 4121 pe·
1143 4041 1179 4155 fle
1204 4040 1311 4105 capreis
1329 4048 1400 4151 {guest
1425 4045 1566 4090 moramur
1589 4039 1618 4090 ιε
1637 4039 1713 4090 silvis
1735 4043 1771 4100 -i,
1796 4039 1837 4092 sic
1861 4035 1986 4149 εειοῗιιῖε

245 4139 393 4203 culiariter
418 4150 609 4216 promeretur,
646 4139 735 4215 hujus
768 4137 943 4198 humilitatis
970 4137 1103 4197 reeorda-
1144 4113 1330 4223 ,ξ’ῇξᾞξῃζῗ
1356 4104 1986 4274 ferm&pssssssfflffigffiuffifflmlfgnj

247 4233 324 4293 tioue
338 4232 521 4306 deprimitur,
537 4247 606 4293 cum
618 4231 707 4291 dicit:
732 4252 744 4283 ι
762 4230 879 4308 Loquer
895 4228 931 4287 ad
944 4228 1103 4292 bominum
1144 4228 1240 4297 suerii.
1270 4224 1384 4291 Tigride
1408 4225 1522 4339 eiusque
1553 4225 1687 4338 nipedes*
1703 4223 1913 4287 siguibeauonls
1940 4230 1987 4272 irie·

244 4337 354 4393 meum,
369 4321 437 4383 cuni
449 4323 505 4383 sini
520 4323 628 4398 pulvis,
643 4319 986 4392 etcinisi(deri.1viii.)
1002 4345 1013 4370 ι
1143 4292 1222 4344 ¹¹¹¹¹¹¹²
1235 4294 1346 4343 “mm
1365 4299 1412 4340 ⁰⁸¹
1432 4297 1476 4338 '⁰³
1488 4299 1510 4337 ¹⁸
1523 4285 1581 4350 ⁰⁹¹⁸
1593 4323 1601 4338 ·
1614 4288 1651 4349 ¹8’
1666 4287 1713 4341 ¹¹¹³·
1728 4299 1762 4339 ¹¹·

235 4443 239 4452 -
281 4414 356 4475 Num
378 4420 407 4472 et
432 4413 508 4488 apud
530 4413 647 4502 Grecos
661 4415 723 4474 baie
736 4412 828 4482 teneri
845 4409 1023 4472 consuetude
1038 4393 1115 4485 per-⁸
1333 4381 1378 4439 ³¹²
1390 4393 1486 4437 'wilm
1500 4378 1610 4484 Mili
1622 4377 1801 4436 leudensi.

249 4508 1988 4541 -------··---..-..........-..-.-......------

387 4585 549 4718 “³⁴⁹⁴
591 4607 1010 4721 OPUSCULUM
1052 4603 1445 4720 Vicusilibil
1486 4598 1852 4732 QUARTUM.

588 4759 591 4764 '
634 4775 791 4838 comni
812 4773 999 4837 scenicos
1022 4771 1255 4835 eromenes
1275 4747 1607 4832 enoeiunriliiios.

251 4934 473 4994 decommum
491 4963 525 4976 -
545 4930 707 4991 Detestatiir
721 4929 803 5005 prius
816 4927 983 5006 pertinaciae
998 4927 1188 5002 vitiumque
1205 4925 1280 4985 nibil
1294 4929 1344 4984 aut
1358 4922 1418 4982 Deo
1432 4921 1526 4996 magis
1539 4920 1681 5003 invisum.
1694 4923 1745 4978 aul
1759 4916 1846 4976 rebus
1857 4915 1994 4997 human-iii

287 5005 351 5064 deri
373 5003 466 5079 possit
483 5002 685 5077 perniciosius,
711 5009 808 5075 utpote
832 5015 994 5061 sumeres
1009 5004 1148 5073 unquam
1160 5015 1198 5058 eii
1213 4998 1293 5057 fonte
1309 4995 1537 5059 dissensionum,
1551 4992 1819 5063 discordiarumque
1833 4999 1943 5068 semina
1958 4987 1994 5061 idi

265 5089 269 5096 “
288 5077 445 5137 Ecclesiam
464 5073 643 5144 deriventur,
668 5074 701 5133 in
724 5073 882 5140 nonnullos
902 5072 1023 5131 elericos
1044 5070 1184 5130 acerrime
1208 5068 1387 5148 invehitur,
1418 5065 1449 5124 ui
1475 5079 1545 5145 oum
1573 5062 1766 5144 Eeclosiarum
1790 5057 1931 5137 fructibus
1958 5064 1994 5136 inp

286 5162 443 5209 commune
455 5145 612 5226 alerentur,
627 5145 781 5226 pecuniam
817 5149 945 5212 raeterea,
962 5140 1064 5223 oralia
1077 5141 1153 5200 bona
1164 5155 1299 5223 ¹seersum
1313 5081 1518 5217 possidebant:
1537 5135 1625 5209 idque
1638 5133 1694 5214 sibi
1716 5147 1765 5206 per
1781 5129 1858 5210 leges
1883 5129 1993 5185 Ιιειιεει

288 5235 351 5280 esse
378 5219 470 5277 iacere
496 5222 681 5291 pertinaciter
708 5161 882 5275 asserebant.
910 5212 972 5295 llos
998 5220 1088 5294 igitur
1111 5212 1301 5271 validissimis
1329 5207 1490 5289 rationibus
1516 5195 1675 5287 redarguit,
1699 5209 1728 5261 et
1753 5200 1903 5282 manifeste
1924 5207 1985 5268 pro·

286 5292 335 5352 bat
370 5287 490 5348 elericos
528 5303 564 5345 ex
599 5303 704 5362 genere
734 5302 835 5346 eorum
866 5300 918 5359 qui
950 5298 1083 5342 canonici
1120 5282 1311 5358 appellantur,
1343 5292 1505 5354 proprium,
1532 5283 1585 5336 aut
1618 5280 1765 5357 prii-atum
1799 5269 1873 5329 nibil
1910 5267 1986 5343 possit

289 5363 417 5428 liaberei
433 5360 483 5419 sed
495 5357 662 5418 debereeos
675 5369 743 5418 cum
756 5357 886 5431 primuni
908 5356 998 5414 meris
1019 5353 1182 5424 initiantur,
1205 5353 1342 5413 universa
1366 5351 1442 5409 bona
1466 5351 1518 5407 εει
1538 5346 1716 5428 pauperibus
1737 5342 1860 5427 imitere,
1885 5341 1934 5396 εει
1957 5350 1965 5411 i

290 5447 447 5492 commune
480 5431 620 5490 conterre.
650 5429 828 5513 Quapropter
852 5433 914 5487 orat
937 5425 1103 5506 pontificem
1132 5440 1211 5505 maii,
1236 5430 1269 5483 ut
1296 5421 1527 5497 quodbumsna
1552 5424 1581 5477 et
1607 5418 1708 5477 divina
1732 5429 1799 5489 iura
1821 5413 1935 5484 cogunt,
1958 5418 1966 5459 ¹

288 5505 376 5562 etiam
392 5501 510 5562 clericos
524 5502 627 5572 iecere,
643 5517 697 5560 sua
709 5514 769 5572 ipse
781 5500 950 5560 auctoritaie
964 5505 991 5556 et
1001 5496 1204 5578 iurisdictione
1217 5492 1377 5569 compellat.

284 5609 397 5670 [lemno
409 5610 597 5670 Αιιιιεεεεεο
613 5608 781 5670 ιιεειιεειιιιο
799 5623 892 5688 papie,
909 5606 1027 5670 Plinius
1039 5619 1108 5680 pec-
1184 5604 1332 5676 Quanium
1356 5600 1393 5661 ad
1418 5603 1525 5659 nostrie
1549 5594 1751 5671 intelligentie
1765 5588 1925 5659 modulum,
1945 5598 1960 5639 ι

255 5704 334 5761 rator
346 5701 507 5762 monecbus
521 5700 704 5762 servitutem.
1148 5691 1289 5755 nembibi
1308 5677 1400 5770 pater',
1416 5685 1534 5751 nullum
1551 5683 1585 5746 in
1607 5683 1737 5760 bomine
1758 5692 1861 5758 genere
1884 5669 1986 5735 malunt
