4017 6192
292 400 341 457 sil
602 396 632 453 S.
647 396 749 453 curm
761 394 904 453 obstulit
914 395 991 453 ΟΡΡ.
1006 393 1126 453 Torius
1144 392 1212 450 Sllll
1237 388 1328 450 PARS
1349 390 1601 450 lt.-eltouuc.
1871 389 1930 447 sle

291 526 1926 577 mmmm

434 706 824 864 OPERUM
882 701 962 858 S.
1023 702 1311 854 PETRI
1362 694 1771 887 DAMIANI

849 975 891 1036 lN
919 970 1115 1036 llDlTlONE
1144 969 1341 1034 CAIETAM

595 1192 998 1341 nomos
1096 1188 1604 1369 QUARTUS

999 1490 1226 1538 collecemus

581 1634 1178 1791 cluniensium
1227 1636 1318 1748 ur
1377 1635 1667 1753 rences,

633 1942 1041 2050 PRlVlLEGlUlll
1078 1947 1257 2040 educi
1293 1947 1463 2039 PAPAE
1495 1950 1553 2043 V.

318 2236 426 2297 Pennus
448 2249 518 2308 papa
539 2234 563 2293 'l
582 2233 682 2290 dilecto
702 2232 759 2289 lilio
777 2232 968 2290 (Ξοιιιτιιιτιιιο
993 2232 1076 2292 θυι-
1089 2238 1112 2301 A
1126 2229 1925 2303 tioneincurrendis,auctoriteteapostolientenoreprae·

284 2346 365 2395 runo,
381 2330 563 2401 Syracusano,
575 2323 708 2381 monacho
721 2323 809 2379 sancti
820 2322 922 2380 Nicolui
931 2324 972 2381 ‘de
984 2324 1076 2382 Arena
1127 2323 1440 2384 sentiuminterdicimus
1449 2321 1654 2380 etinhibcmus:
1667 2321 1924 2396 neperquindeoirn

250 2456 252 2459 ·
282 2417 454 2484 catanensis,
467 2402 684 2489 congregationis
697 2410 864 2480 casinensis,
872 2413 977 2471 ordinis
988 2413 1076 2472 sancti
1127 2430 1241 2472 annosa
1256 2415 1318 2470 data
1332 2414 1506 2485 praesentium
1526 2413 1732 2483 computandos,
1750 2411 1923 2484 primnmte

283 2509 431 2568 Benedicti.
1126 2523 1201 2563 mum
1216 2505 1335 2577 Operum
1348 2505 1379 2561 ll.
1391 2503 1465 2561 Petri
1480 2503 1604 2560 bamiani
1615 2519 1630 2559 a
1643 2512 1670 2561 te
1680 2503 1793 2569 editum,
1802 2512 1833 2559 et
1850 2502 1921 2559 alios

318 2599 421 2655 Dilecto
434 2597 483 2662 lili,
495 2596 609 2653 salutem
621 2604 649 2653 et
659 2594 837 2665 apostolicam
849 2593 1075 2653 benedictionem.
1126 2594 1247 2667 singulos
1257 2610 1272 2650 e
1283 2601 1310 2651 te
1319 2592 1448 2659 edendos,
1458 2592 1603 2650 dummodo
1613 2591 1867 2664 omuesamaqistro
1877 2607 1922 2648 ss·

283 2688 351 2747 Guur
367 2696 406 2753 ιιι,
421 2687 494 2743 sicut
508 2686 671 2756 accepimus,
699 2682 788 2755 Opera
811 2681 843 2739 B.
865 2682 939 2740 Petri
950 2683 1076 2739 bamleni
1126 2683 1924 2758 oripaletiiapprobatisint,pertotidemannorumspalinm

284 2782 315 2839 S.
329 2781 361 2836 li.
380 2779 411 2835 Ε.
429 2778 587 2845 cardinalis,
601 2777 721 2848 episcopi
732 2774 876 2843 Ostiensis,
890 2776 1014 2833 editor-us
1026 2777 1076 2845 sis,
1126 2777 1161 2833 ab
1168 2776 1478 2847 uniuscujusquecorum
1484 2774 1924 2846 editionenumerandummisqus

282 2888 343 2944 quae
358 2885 411 2927 non
423 2870 483 2925 sine
496 2866 743 2925 ecclesiasticarum
760 2868 913 2924 litterarum
928 2867 1076 2923 detrimen·
1126 2875 1172 2921 tua
1183 2865 1292 2922 licentia
1304 2866 1472 2939 imprimere,
1487 2866 1575 2923 aliove
1588 2866 1667 2923 titulo
1681 2866 1726 2922 rel
1742 2864 1841 2933 lorma,
1853 2883 1924 2938 quo·

284 2973 314 3016 to
328 2956 491 3016 intenebris
505 2957 579 3013 varie
592 2955 704 3026 disjecta
714 2955 853 3025 iacebant,
867 2965 968 3028 tuaque
981 2956 1077 3012 lauda·
1126 2958 1168 3016 ris
1179 2967 1314 3030 praetextu
1329 2968 1457 3028 mutatos,
1472 2960 1515 3017 rel
1526 2960 1580 3016 alio
1599 2975 1761 3032 quoeunque
1787 2959 1924 3016 idiomate

282 3052 436 3123 biliopera,
451 3048 546 3105 labore
558 3057 587 3104 et
600 3046 751 3120 diligentia,
767 3063 821 3103 una
842 3062 904 3104 cum
923 3048 985 3104 eliis
1000 3065 1076 3106 com·
1125 3064 1221 3106 versos
1236 3052 1329 3119 edere,
1355 3051 1399 3107 vel
1423 3052 1463 3108 sic
1486 3054 1574 3109 editos
1594 3052 1723 3120 vendere,
1742 3066 1790 3108 seu
1808 3051 1925 3108 venula

278 3142 406 3216 pluribus
433 3136 682 3196 ecelesiasticorum
705 3138 869 3209 scriptorum
891 3138 1075 3196 monumentis
1125 3138 1354 3198 habereaudeant
1369 3141 1411 3197 rel
1425 3149 1600 3211 praesumant.
1617 3142 1775 3198 llaudrutes
1796 3142 1917 3198 unirer·

280 3230 419 3291 oxmultis
429 3226 599 3287 bibliothecis
608 3227 759 3300 oorrquisita
777 3236 805 3284 et
822 3226 935 3286 collecta
953 3227 1073 3296 luerunt,
1124 3231 1163 3287 sis
1174 3225 1327 3304 etsingulis
1338 3233 1678 3292 venerabilibuslratribus
1689 3234 1788 3291 nostris
1798 3234 1924 3305 patrian-

165 3391 167 3394 Α
280 3332 309 3381 ot
333 3322 436 3381 idcirco
458 3319 505 3378 iel.
527 3322 635 3377 record.
662 3317 789 3376 Clemens
807 3318 865 3375 vill
889 3321 1075 3392 predecessor
1124 3321 1194 3388 cluis,
1208 3321 1431 3395 archiepiscopis,
1456 3323 1592 3396 episcopis
1613 3332 1642 3381 et
1656 3324 1717 3381 aliis
1736 3324 1859 3381 locorum
1875 3342 1924 3381 or-

280 3423 386 3483 noster,
400 3411 491 3471 studio
506 3410 576 3468 bene
587 3407 708 3467 merendi
718 3411 751 3468 de
765 3410 902 3482 republica
916 3410 1073 3468 Christiana
1124 3409 1249 3477 dinariis,
1264 3410 1372 3484 legatis,
1387 3412 1553 3485 vicelegatis,
1570 3413 1808 3487 gubernatoribus,
1825 3422 1924 3485 potes·

280 3516 310 3565 et
324 3505 472 3580 apostolice
486 3505 562 3570 sede,
578 3503 656 3573 cuius
667 3503 767 3561 nobilis
786 3519 851 3575 pars
878 3505 1003 3577 egregius
1027 3504 1073 3562 hic
1124 3501 1276 3568 tatibus,et
1289 3502 1351 3561 aliis
1365 3501 1535 3571 officialibus,
1549 3505 1853 3576 utquandoetqootiee
1869 3521 1923 3577 per

281 3599 377 3654 doctor
390 3596 542 3662 exstiterat,
558 3594 672 3651 Romam
687 3605 714 3652 te
727 3602 889 3663 vocaveram
907 3611 980 3652 nunc
990 3610 1072 3664 vcro,
1088 3583 1112 3645 b
1126 3596 1152 3645 te
1167 3590 1210 3646 vel
1224 3600 1270 3647 tuo
1281 3591 1390 3647 nomine
1404 3592 1507 3649 luerint
1521 3594 1656 3664 requisiti,
1672 3594 1809 3667 premissa
1820 3606 1920 3651 eonem

281 3687 422 3759 aspirante
437 3685 528 3741 divina
543 3685 640 3757 gratia,
657 3684 762 3757 primus
775 3693 865 3741 tomum
875 3684 1015 3741 absolutus
1026 3685 1073 3754 sit,
1125 3678 1312 3739 inobedientes
1325 3691 1545 3755 exsequanturet
1558 3686 1698 3742 observari
1712 3684 1825 3751 iaciant,
1839 3685 1921 3743 inro-

281 3772 316 3835 ac
326 3786 382 3835 tres
395 3776 515 3850 reliquos
529 3786 555 3834 te
564 3776 701 3837 editurum
712 3776 869 3851 propediem
891 3791 1001 3848 speresq
1012 3792 1073 3846 nos,
1124 3782 1187 3830 cato
1201 3774 1236 3830 ad
1251 3775 1313 3841 boc,
1326 3775 1349 3832 si
1362 3790 1430 3847 opus
1444 3762 1535 3856 luerit,
1545 3775 1645 3833 auxilio
1655 3775 1919 3834 brachiissseularis.

283 3868 330 3940 qui
344 3868 441 3925 doctas
453 3866 560 3939 piorum
572 3866 782 3924 eteruditorum
792 3865 932 3924 hominum
946 3863 1072 3923 lucubra·
1106 3863 1184 3922 -llon
1217 3866 1389 3924 obstantibus
1419 3867 1657 3926 constitutionibus
1682 3876 1711 3925 et
1737 3867 1919 3925 ordinatoni-

281 3959 371 4017 tiones
383 3958 526 4032 complecti
537 3958 665 4031 postorali
679 3957 814 4015 charitate
828 3966 953 4015 tenemur
974 3967 1002 4015 ct
1016 3967 1074 4018 stu·
1123 3953 1175 4012 bos
1189 3956 1356 4027 apostolicis,
1370 3972 1403 4014 ac
1416 3959 1526 4014 statutis
1537 3966 1565 4014 et
1575 3958 1826 4021 consuetudinibus,
1834 3954 1919 4026 jura·

280 4049 326 4107 dla
341 4048 495 4119 hujusmodi
512 4040 665 4123 promoueri
677 4049 704 4106 in
719 4049 835 4106 llomino
855 4057 1027 4121 exoptemus,
1043 4057 1073 4106 ut
1123 4058 1230 4113 mento,
1242 4046 1615 4118 confirmationeapostolira,
1628 4047 1671 4103 rel
1681 4044 1917 4119 querisdrmitata

282 4150 337 4196 tam
351 4141 456 4208 primus
467 4141 567 4197 horum
577 4138 695 4212 Operum
710 4149 801 4197 turnus
816 4141 873 4213 jam
898 4140 968 4212 typis
987 4156 1072 4196 cxcu·
1123 4136 1176 4194 alia
1194 4137 1344 4205 roboratis3
1360 4137 1509 4210 privilegiis
1517 4153 1636 4211 quoqne,
1648 4136 1759 4195 induitis
1773 4146 1802 4194 st
1815 4135 1919 4195 litteris

278 4244 340 4297 sus,
351 4242 433 4301 quam
447 4231 539 4287 ceteri
552 4245 613 4286 cum
628 4216 924 4297 excudentur„sinceri
940 4238 970 4287 et
979 4245 1073 4288 emen-
1123 4227 1289 4300 apostolicis,
1304 4227 1445 4299 quibusvis
1456 4228 1580 4300 personis
1590 4226 1791 4300 quomodolibet
1799 4241 1918 4285 consec·

279 4319 336 4375 dati
347 4318 490 4390 prodeant,
508 4332 597 4390 neque
605 4319 765 4391 cujusquam
792 4316 898 4375 incuria
916 4330 963 4376 aut
977 4319 1073 4378 iraude
1122 4324 1162 4382 sis
1173 4334 1202 4381 et
1214 4323 1392 4382 confirmatis.
1408 4322 1513 4391 Quibus
1528 4324 1654 4379 omnihus
1667 4321 1772 4378 illenim
1792 4328 1917 4386 tenores,

278 4409 427 4467 adulterari
440 4407 481 4466 vel
494 4408 652 4467 labefactari
668 4410 784 4481 possint,
805 4425 879 4467 rrorn
897 4425 1021 4477 enorme,
1036 4427 1071 4468 nr
1125 4430 1158 4471 ec
1170 4416 1194 4471 si
1204 4415 1238 4472 ad
1254 4416 1367 4471 verbum
1378 4413 1576 4480 insererentur,
1595 4412 1774 4483 presentibus
1793 4425 1848 4482 pro
1867 4427 1918 4467 es·

276 4518 313 4559 ex
342 4517 432 4559 cerri
455 4516 559 4579 nesure
593 4517 736 4566 sessurus,
764 4503 890 4559 omnibus
909 4511 938 4560 et
957 4503 1072 4576 singulis
1121 4504 1223 4577 pressis
1237 4505 1379 4573 babentes,
1395 4504 1508 4574 probae
1521 4502 1919 4573 vicedunmxasueroqamus,

276 4593 377 4652 Christi
391 4593 524 4661 bdelibus,
539 4593 690 4665 presertim
701 4593 833 4651 librorum
847 4593 1069 4667 impressoribus,
1121 4596 1280 4667 caterisque
1291 4594 1437 4652 contrariis
1448 4594 1665 4666 quibuscunque.
1679 4590 1811 4649 Volumus
1822 4603 1918 4648 autem

276 4699 310 4741 nc
328 4682 483 4755 bibliopolis
494 4683 590 4754 quouis
602 4682 712 4739 oonriue
724 4684 894 4754 nurrcupatis,
908 4693 962 4739 tam
974 4682 1002 4739 iu
1019 4682 1071 4739 b'r·
1121 4695 1152 4741 ut
1169 4686 1343 4757 presentium
1365 4684 1518 4740 litterarum
1538 4683 1681 4756 exemplis,
1702 4683 1784 4739 etiarn
1802 4683 1828 4737 in
1851 4683 1919 4755 ipsis

173 4786 178 4796 ·
233 4779 235 4783 ’
276 4775 312 4833 be
321 4786 350 4832 ct
365 4776 392 4832 iu
408 4775 534 4835 uniuersa
546 4774 651 4831 ditione
674 4784 703 4831 ct
716 4773 784 4831 locis
796 4773 826 4831 S.
845 4772 878 4830 ll.
901 4774 932 4832 li.
953 4773 1071 4830 mediate
1120 4774 1302 4832 voluminibus
1321 4775 1471 4848 impressis,
1492 4774 1587 4830 eadem
1605 4774 1706 4844 ubique
1729 4772 1797 4829 ildes
1813 4772 1918 4828 babea-

279 4864 323 4922 rel
336 4865 492 4921 immediate
504 4864 635 4936 subjectis
647 4881 654 4919 ε
666 4865 716 4920 sub
728 4865 938 4935 quingentorum
958 4864 1070 4921 ducato-
1121 4875 1175 4937 tur,
1189 4882 1250 4941 quc
1263 4868 1329 4939 ipsis
1340 4866 1521 4941 presentibus
1530 4865 1688 4932 haberetur,
1701 4865 1725 4921 si
1735 4864 1823 4920 iorem
1834 4865 1918 4920 exbi-

275 4970 339 5013 rum
362 4954 435 5022 auri,
454 4968 571 5010 camere
586 4954 741 5025 apostolicae
761 4954 997 5026 applicandorum,
1018 4935 1106 5008 uecc
1121 4958 1184 5015 bitae
1194 4958 1237 5014 uel
1251 4967 1376 5015 ostensae.
1394 4958 1492 5015 batum
1510 4955 1603 5014 Romae
1623 4953 1694 5031 apud
1716 4952 1747 5009 S.
1776 4951 1914 5018 Uarenum,

276 5042 495 5103 nouamissiouis
506 5041 637 5098 librorum
650 5051 732 5113 atque
744 5051 969 5114 typorumquam
985 5041 1069 5097 ellam
1121 5048 1172 5105 sub
1189 5045 1291 5104 annulo
1301 5046 1462 5114 Piscatoris,
1478 5045 1523 5102 die
1534 5059 1591 5100 xru
1603 5042 1717 5113 Augusti
1732 5039 1812 5107 sobo,
1822 5044 1915 5111 ponti·

275 5134 305 5194 ln
321 5143 377 5193 tota
390 5133 478 5200 ltalia,
493 5141 522 5189 et
534 5140 612 5189 extra
624 5147 684 5189 estur
700 5133 789 5190 ubiuis
804 5134 925 5204 gentium
945 5141 974 5188 et
991 5131 1069 5188 loco·
1120 5137 1217 5197 neurus
1230 5139 1316 5197 nostri
1331 5152 1403 5197 anno
1415 5137 1543 5196 seeundo.

276 5239 338 5281 rum
352 5220 515 5286 constitutis,
532 5222 584 5277 sub
597 5222 887 5278 excommunicationis
906 5221 1018 5293 majoris
1029 5221 1068 5275 la·
1530 5247 1623 5320 Scipio
1632 5245 1830 5304 Comum

276 5324 312 5375 tes
325 5313 467 5375 sententies
483 5313 573 5387 pesnis
589 5314 648 5385 ipso
664 5312 735 5387 iacto
752 5315 855 5385 absque
873 5312 927 5369 alia
943 5311 1068 5369 declara·
