4017 6192
264 296 314 356 itit
677 285 707 341 S.
726 283 828 342 reiut
854 283 995 341 bttllultl
1015 281 1091 341 0PP.
1111 284 1228 341 tetius
1247 279 1478 341 scordasti.
1833 284 1891 342 οῖς

264 407 320 483 52
342 402 457 462 ccxix.
470 400 601 456 Damione
615 398 773 463 ubertatis,
792 404 821 450 ut
834 395 1086 464 meracissimae
1170 396 1249 451 Piero
1259 404 1425 466 peremptam
1439 394 1467 447 in
1480 391 1598 461 peccatis
1611 390 1753 454 arripiam:
1824 415 1829 423 ·

264 497 453 566 Omnipotens,
475 502 598 561 agamus,
611 487 689 552 doce,
702 495 732 541 ut
745 487 817 556 qrtnd
840 485 904 540 lecit
925 500 1046 557 agamus.

269 589 373 655 [lesum
385 585 445 654 jura
473 582 536 646 tori,
558 580 654 635 teritur
666 579 688 634 si
702 579 798 634 semita
813 577 924 633 Christi.

262 674 323 736 iam
335 683 411 747 pater
423 687 465 738 es,
482 669 567 726 soboli
581 668 697 740 spatium
716 667 814 738 largire
827 666 961 737 sequenti,

266 763 301 821 Ut
315 773 358 819 tua
370 761 506 833 contiguis
518 767 627 831 pateant
638 757 751 828 vestigia
761 756 869 830 plautis,

263 858 297 914 Et
309 870 387 928 seges
401 860 534 924 erumpat,
546 853 609 908 dum
623 866 676 905 uon
690 852 761 920 quod
773 849 885 919 protulit
895 848 996 929 clostat,
1054 832 1055 835 ¹

264 946 378 1006 Subdita
393 944 523 1000 maternis
542 952 652 1012 torpens
664 939 823 995 vitulamina
840 939 932 994 ramis.

262 1037 366 1094 Praesto
381 1035 583 1091 duuutueteres
595 1030 737 1086 adderam
754 1029 875 1099 germina
890 1025 1013 1093 imanes.

263 1127 406 1197 ilerbaque
418 1123 559 1180 sectricem
576 1130 655 1177 rocat
664 1129 725 1175 orte
739 1117 842 1173 serulae
852 1116 959 1172 ialcenr.

264 1218 396 1289 incipiens
408 1216 489 1288 igitur
506 1224 614 1271 terreno
628 1212 731 1284 cespite
739 1211 803 1266 relli

263 1306 475 1379 Transplantarc
489 1305 561 1376 polu,
585 1319 647 1374 spes
663 1303 726 1358 irinc
741 1302 860 1357 animata
883 1300 1014 1355 virescat:

262 1397 310 1454 Sic
320 1398 396 1453 radix
410 1397 500 1453 cordis
514 1396 574 1452 coeli
587 1411 616 1450 se
627 1394 772 1449 transierat
785 1406 869 1458 arus,

261 1487 295 1544 El
311 1503 364 1544 non
377 1486 501 1558 lapsurus
511 1493 666 1557 prorumpat
679 1485 705 1539 in
718 1483 816 1539 arbore
830 1480 945 1537 lructus.

363 1577 466 1633 CCXX.
485 1576 630 1648 misimus
644 1574 791 1645 penitentis
801 1571 931 1627 arenarii.

369 1668 435 1736 Quis
449 1667 550 1722 inielici
563 1667 641 1721 detu's
656 1680 752 1735 aquam
764 1664 857 1734 capiti,

335 1758 401 1828 Quis
412 1757 591 1830 laerymarum
606 1755 707 1812 iontem
720 1755 795 1811 dabit
804 1752 911 1809 oculisl

334 1848 444 1913 Funde,
460 1848 565 1919 pupillae
579 1849 705 1903 tenebras
718 1834 856 1913 obducite,

444 1937 490 1993 Vae
505 1938 570 1992 milri
588 1936 683 2008 lapsu!

325 2029 393 2086 Non
405 2038 488 2100 guttae
500 2030 593 2094 maris,
606 2042 755 2084 nouarenae
764 2025 873 2090 littoris,

334 2118 492 2191 AEquautur
504 2119 572 2175 meis
586 2118 719 2180 scelerum
733 2116 854 2187 flagitiis,

333 2210 473 2269 Excedunt
485 2210 577 2267 stellas
589 2209 748 2280 pluviasque
757 2194 880 2273 numero,

437 2300 560 2356 Pandere
573 2307 690 2355 montes.

336 2391 405 2446 Nam
421 2391 519 2461 quibus
530 2406 583 2446 nou
597 2392 648 2446 sinr
660 2391 733 2446 viliis
747 2389 890 2457 obnoxius,

332 2481 383 2549 Qui
398 2481 490 2552 pravis
502 2495 610 2551 semper
624 2470 755 2537 deservivi
771 2478 913 2539 ructibus?

338 2570 394 2632 ilco
406 2570 521 2642 miuus,
535 2570 625 2634 cantis
638 2578 692 2635 rixi
710 2577 825 2648 legibus,

441 2669 545 2725 iturus
559 2669 586 2725 in
599 2669 663 2725 ima.

336 2759 431 2831 Sprcvi
446 2768 591 2831 praecepta,
608 2776 690 2817 ausus
702 2776 762 2817 sum
777 2759 922 2833 prohibita,

335 2847 430 2905 Plures
442 2849 527 2905 ererti
538 2855 621 2920 pr'ara
636 2864 685 2920 per
695 2849 813 2918 inuicta:

334 2938 437 2998 Nerius
449 2940 526 3005 mihi,
540 2940 600 2997 aliis
616 2941 730 3006 inutilis,

408 3028 416 3037 ‘
437 3028 682 3100 Arctorulriuque.

334 3118 393 3176 Non
408 3119 507 3176 coelum
520 3121 617 3193 dignus
628 3121 714 3177 oculis
726 3120 858 3191 aspicere,

334 3209 392 3267 lion
406 3211 453 3268 ilci
468 3227 567 3268 nomen
584 3211 663 3267 labiis
672 3213 838 3284 exprimere;
874 3275 880 3283 ,

333 3294 464 3359 Prohibet
474 3302 539 3358 adis
554 3301 727 3358 saeroelimen
742 3311 830 3360 terere

440 3393 522 3466 Culpa
538 3395 703 3451 remordens.

334 3480 411 3538 Nunc
425 3497 533 3553 qttoeue
547 3484 633 3540 sacris
646 3484 753 3540 deditus
762 3485 898 3557 obsequiis

335 3569 443 3627 Veteris
453 3572 515 3626 ritae
529 3571 654 3627 stimulor
663 3572 795 3627 illecebris
814 3589 824 3627 s

336 3658 371 3716 Ut
382 3659 524 3730 fugitivum
542 3669 666 3731 repetunt
682 3662 709 3717 iu
723 3661 854 3718 famulum

438 3747 503 3804 iura
518 3750 641 3820 tyranni.

332 3840 424 3896 donor
433 3841 459 3896 in
473 3841 548 3911 lietu,
560 3843 629 3916 riget
644 3857 691 3899 eor
701 3842 847 3915 lapideam,

332 3932 461 3989 Precibus
476 3934 557 4003 insto,
570 3949 653 4005 vagus
669 3935 726 3992 abit
737 3935 858 4007 spiritus

334 4020 439 4082 Lumen
447 4026 564 4098 inquiro,
580 4027 697 4083 tenebrae
711 4028 932 4098 phantasmatum

436 4117 564 4174 Protinus
576 4118 682 4174 adsunt.

334 4206 452 4264 Ederum
465 4210 517 4274 ira,
531 4211 664 4266 tumidum
679 4210 817 4281 superbia,

332 4297 449 4354 Edacem
465 4298 537 4370 gula,
550 4297 649 4356 rnnuni
664 4302 822 4368 cenodoxia,

332 4386 459 4441 Omnium
473 4386 601 4442 irendens
615 4388 758 4444 criminum
772 4388 911 4445 barbaries

436 4476 558 4534 Subiere
573 4486 669 4535 tentat.

332 4568 410 4642 Saepe
422 4570 530 4638 resisto,
547 4585 677 4642 armaque
691 4572 820 4643 corripio,

331 4663 397 4720 iiiut
410 4678 582 4734 congressus,
601 4679 706 4720 mecum
716 4664 906 4735 ipsedimico,

329 4751 384 4810 Sed
398 4753 450 4826 legi
466 4753 557 4809 carnis
569 4753 612 4810 ier
625 4754 688 4810 dunt
697 4755 770 4811 cedit
783 4755 906 4827 spiritus,
977 4770 980 4777 “

436 4846 531 4903 Praeda
545 4847 579 4904 itt
590 4848 673 4906 ltosti.

330 4935 407 5007 sepa
421 4938 512 4994 divino
525 4940 587 5011 igne
598 4955 646 4996 cor
658 4942 824 5009 accenditur,

331 5024 421 5097 Serae
439 5029 633 5084 transcendens
648 5045 724 5085 meris
737 5028 762 5086 iu
777 5032 831 5086 alta
844 5032 959 5103 rapitur,

329 5114 383 5172 Sed
393 5115 515 5187 genuine
525 5116 682 5188 corruptele
694 5118 791 5174 labitur

406 5230 412 5238 ·
433 5204 669 5279 Ponderepressa.

328 5293 388 5351 Lux
402 5295 542 5353 inaccessa
555 5296 646 5364 micat,
661 5305 690 5353 ut
703 5312 751 5369 per
763 5295 884 5366 runulas,

328 5386 377 5442 Cui
391 5400 468 5455 meus
482 5387 584 5442 intenta
596 5387 721 5443 sitienter
732 5388 851 5453 inhians,
956 5428 959 5436 r

329 5476 412 5546 Cujus
424 5479 533 5536 obtutus
544 5491 608 5534 ecce
619 5478 709 5532 carnis
725 5477 839 5533 obvians

438 5567 536 5625 Umbra
551 5568 679 5625 retundit.

333 5655 423 5714 iloslis
435 5660 538 5729 antiqui
554 5658 701 5734 lelismilie
713 5659 835 5717 sauciam

1170 486 1222 556 Qui
1234 485 1354 543 vacuasti
1365 483 1460 540 mortis
1467 481 1530 550 iura
1544 490 1678 544 moneas.

1275 576 1327 631 Per
1341 585 1368 629 te
1381 580 1514 643 resurgat.

1169 667 1261 724 Palma
1275 667 1422 734 lustenam,
1438 678 1554 734 spesque
1565 663 1769 733 penitentium,

1170 758 1221 824 ila,
1230 757 1347 825 Christe,
1361 770 1483 820 manunt,
1495 763 1523 809 et
1537 753 1679 823 profundis
1693 766 1802 813 erutum
1907 762 1909 765 ’

1171 847 1252 906 Soire
1265 845 1394 919 peccatis,
1410 846 1473 901 binc
1485 844 1520 900 ab
1529 844 1733 901 imminentibus

1181 998 1185 1007 ,
1292 937 1373 1007 Eripe
1386 936 1476 991 noxis.

1170 1030 1223 1102 55
1237 1028 1278 1083 Tu
1290 1028 1450 1099 peccatricis
1461 1027 1595 1099 lacrymas
1616 1042 1672 1083 non
1688 1026 1795 1100 respuis
1809 1044 1817 1083 ε

1171 1122 1211 1177 'iu
1224 1120 1395 1190 publicanum
1406 1119 1581 1190 poenitentcro
1593 1119 1691 1188 recipis
1705 1136 1713 1175 t

1171 1209 1260 1266 Vitam
1273 1208 1371 1263 latroni
1380 1207 1436 1277 jam
1448 1208 1475 1262 in
1491 1216 1578 1263 morte
1587 1207 1675 1278 posito

1278 1286 1394 1356 iedare
1407 1299 1533 1371 spondes.
1560 1303 1572 1310 ’

1170 1391 1224 1449 Per
1234 1391 1304 1456 base,
1318 1399 1345 1446 te
1358 1404 1459 1461 queso,
1475 1389 1585 1462 pietatis
1599 1389 1716 1456 viscera,

1174 1484 1209 1538 iit
1221 1498 1266 1539 me
1280 1483 1313 1539 de
1323 1481 1421 1538 vinclis
1435 1489 1474 1537 tot
1489 1480 1630 1551 culparum
1643 1481 1746 1540 liberas

1172 1572 1277 1629 llerenr
1287 1573 1368 1638 iram,
1383 1571 1490 1627 effunde
1501 1569 1682 1638 clementiani,

1278 1663 1351 1719 Fons
1365 1662 1484 1732 pietatis.
1508 1713 1512 1721 ,

1173 1758 1211 1813 ila
1223 1756 1277 1812 tuis
1291 1770 1399 1825 semper
1407 1755 1542 1826 obsequar
1554 1754 1686 1826 imperiis,

1171 1846 1270 1916 sicque
1287 1844 1412 1921 supernis
1424 1844 1533 1915 dignum
1548 1845 1630 1901 redde
1642 1845 1769 1917 premiis,

1170 1935 1221 2004 Qui
1234 1934 1308 1990 Patri
1317 1949 1437 2006 compar,
1450 1942 1598 2005 sanctoque
1612 1924 1737 2007 Spiri'tui,

1276 2023 1378 2080 daneta
1389 2025 1532 2095 gubernas.
1545 2023 1641 2080 Amen.

1197 2114 1312 2174 uexat.
1327 2115 1366 2171 Dc
1380 2115 1505 2170 abiciunt
1515 2114 1623 2170 mneos
1636 2115 1782 2187 riptlsrraa.

1240 2208 1338 2280 Luget,
1349 2207 1454 2278 plorat,
1467 2204 1632 2262 lamentatur

1208 2301 1310 2359 Sancta
1322 2315 1394 2356 nunc
1406 2298 1538 2366 Ecclesia,

1207 2390 1275 2449 Cum
1289 2406 1401 2448 suorum
1414 2399 1518 2448 tantam
1534 2391 1606 2448 ridet

1211 2483 1347 2545 libbalruu
1358 2483 1516 2556 miseriam,

1209 2564 1246 2635 'rit
1255 2594 1348 2634 eorum
1363 2579 1560 2651 contemplatur

1208 2668 1319 2725 Diversa
1334 2669 1464 2739 pericula.

1243 2757 1338 2814 Nullus
1351 2773 1419 2829 pene
1436 2759 1520 2816 abbas
1531 2760 1610 2817 modo

1206 2848 1284 2904 Valet
1295 2863 1356 2904 esse
1368 2850 1526 2915 monachus,
1550 2920 1555 2927 ι

1180 2924 1184 2931 “
1210 2937 1279 2994 Dum
1293 2938 1601 3014 diversumelnocirum

1208 3029 1330 3086 Sustinet
1339 3031 1477 3100 negotium
1491 3047 1499 3085 ι

1207 3120 1250 3188 Et,
1263 3123 1335 3193 quod
1349 3122 1415 3181 uelit
1426 3123 1570 3187 sustinere,

1207 3211 1285 3270 reiut
1301 3212 1411 3284 iniquus
1420 3214 1532 3283 patitur.

1241 3304 1443 3373 lionacbnruin,
1459 3313 1586 3377 tanquam
1597 3319 1706 3376 sertus,

1206 3399 1281 3455 lutus
1295 3398 1348 3455 iert
1361 3398 1525 3471 superbiant,

1210 3493 1246 3549 Et
1259 3492 1405 3548 militarum
1420 3491 1486 3548 ioris
1499 3507 1591 3548 rerum

1208 3581 1330 3638 Sustinet
1344 3582 1512 3648 molestiam

1210 3670 1286 3727 lianc
1299 3672 1407 3727 abbatis
1420 3672 1519 3728 collum
1533 3681 1624 3745 portat

1208 3760 1372 3817 Servitutem
1386 3762 1530 3833 geminam.

1242 3850 1407 3922 Spiritaliter
1419 3852 1546 3907 abbatem

1209 3942 1310 4001 Volunt
1324 3946 1422 3999 iratres
1436 3943 1537 4009 vivere,

1209 4032 1242 4089 iit
1251 4047 1300 4105 per
1314 4048 1411 4089 causas
1421 4033 1564 4089 saeculares

1206 4122 1313 4194 Cogunt
1327 4123 1402 4178 ilium
1416 4126 1547 4194 pergere·

1204 4213 1258 4270 Per
1267 4223 1320 4270 tant
1331 4215 1421 4284 itaque
1431 4215 1537 4270 diversa

1203 4302 1271 4372 Quis
1284 4305 1354 4360 valet
1366 4304 1513 4361 incederet

1242 4391 1310 4449 Nanr
1324 4395 1386 4450 dum
1396 4396 1509 4464 equitat,
1520 4409 1583 4452 mox
1594 4403 1656 4453 esse

1204 4483 1311 4539 Dicitur
1320 4484 1443 4554 ragalim

1202 4573 1267 4644 Ejus
1278 4588 1395 4646 namque
1407 4575 1541 4634 hebetudo

1205 4663 1416 4720 Estclaustralis
1431 4666 1530 4733 statio;

1204 4756 1341 4829 Quidquid
1352 4759 1435 4815 miser
1445 4759 1522 4829 iacit,

1205 4846 1320 4918 Semper
1327 4856 1370 4904 est
1379 4849 1521 4905 detractio.

1239 4937 1432 5009 delinquentes
1443 4939 1507 4995 dum
1519 4940 1658 5003 emendat.

1204 5026 1305 5085 Omnes
1317 5029 1435 5085 clamant
1445 5031 1574 5103 impiam

1204 5118 1234 5176 Si
1246 5121 1406 5191 quandoque
1416 5121 1469 5179 illis
1487 5124 1586 5193 parcit,

1204 5209 1303 5267 Dicunt
1318 5226 1379 5268 esse
1392 5213 1522 5284 tepidum.

1201 5299 1268 5367 Quis
1281 5309 1400 5372 gloriare,
1417 5318 1493 5375 rogo,
1505 5303 1577 5361 ralct

1204 5390 1304 5465 vorge
1316 5403 1373 5452 tarn
1384 5397 1558 5469 arubigourui

1238 5483 1353 5539 l’lrinees
1371 5486 1393 5540 si
1406 5486 1546 5557 imitatur,

1101 5628 1110 5647 ,
1200 5572 1292 5643 Fugit,
1305 5574 1348 5629 vel
1361 5575 1525 5645 expellitura

1206 5660 1236 5716 Si
1248 5660 1300 5730 Eli,
1315 5671 1381 5720 tunc
1400 5666 1533 5725 irridetur
