<?xml version="1.0" encoding="UTF-8"?>
<!DOCTYPE html PUBLIC "-//W3C//DTD XHTML 1.0 Transitional//EN"
    "http://www.w3.org/TR/xhtml1/DTD/xhtml1-transitional.dtd">
<html xmlns="http://www.w3.org/1999/xhtml" xml:lang="en" lang="en">
 <head>
  <title>
</title>
<meta http-equiv="Content-Type" content="text/html;charset=utf-8" />
  <meta name='ocr-system' content='tesseract 3.04.00' />
  <meta name='ocr-capabilities' content='ocr_page ocr_carea ocr_par ocr_line ocrx_word'/>
</head>
<body>
  <div class='ocr_page' id='page_1' title='image "./patrologiaecurs129migngoog_0117.png"; bbox 0 0 4017 6192; ppageno 0'>
   <div class='ocr_carea' id='block_1_1' title="bbox 247 460 1652 528">
    <p class='ocr_par' dir='ltr' id='par_1_1' title="bbox 247 460 1652 528">
     <span class='ocr_line' id='line_1_1' title="bbox 247 460 1652 528; baseline -0.001 0"><span class='ocrx_word' id='word_1_1' title='bbox 247 471 303 528; x_wconf 73' lang='lat'><strong>223</strong></span> <span class='ocrx_word' id='word_1_2' title='bbox 480 470 509 527; x_wconf 87' lang='lat' dir='ltr'><strong>S.</strong></span> <span class='ocrx_word' id='word_1_3' title='bbox 522 469 626 526; x_wconf 79' lang='lat' dir='ltr'><strong>estur</strong></span> <span class='ocrx_word' id='word_1_4' title='bbox 644 465 788 524; x_wconf 77' lang='lat' dir='ltr'><strong>DAiille</strong></span> <span class='ocrx_word' id='word_1_5' title='bbox 807 468 883 525; x_wconf 85' lang='lat' dir='ltr'><strong>OPP.</strong></span> <span class='ocrx_word' id='word_1_6' title='bbox 895 462 1015 523; x_wconf 78' lang='lat' dir='ltr'><strong>robus</strong></span> <span class='ocrx_word' id='word_1_7' title='bbox 1033 460 1100 521; x_wconf 79' lang='lat' dir='ltr'><strong>sub</strong></span> <span class='ocrx_word' id='word_1_8' title='bbox 1115 462 1206 520; x_wconf 76' lang='lat' dir='ltr'><strong>PARS</strong></span> <span class='ocrx_word' id='word_1_9' title='bbox 1223 463 1516 523; x_wconf 65' lang='lat' dir='ltr'><strong>tll.&#39;-011b80de</strong></span> <span class='ocrx_word' id='word_1_10' title='bbox 1535 469 1652 527; x_wconf 75' lang='lat' dir='ltr'><strong>vaurd.</strong></span> 
     </span>
    </p>
   </div>
   <div class='ocr_carea' id='block_1_2' title="bbox 1832 478 1892 533">
    <p class='ocr_par' dir='ltr' id='par_1_2' title="bbox 1832 478 1892 533">
     <span class='ocr_line' id='line_1_2' title="bbox 1832 478 1892 533; baseline 0 0"><span class='ocrx_word' id='word_1_11' title='bbox 1832 478 1892 533; x_wconf 68' lang='lat' dir='ltr'><strong>m</strong></span> 
     </span>
    </p>
   </div>
   <div class='ocr_carea' id='block_1_3' title="bbox 248 577 1990 661">
    <p class='ocr_par' dir='ltr' id='par_1_3' title="bbox 248 577 1990 661">
     <span class='ocr_line' id='line_1_3' title="bbox 248 577 1990 661; baseline 0.003 -20"><span class='ocrx_word' id='word_1_12' title='bbox 248 598 432 658; x_wconf 73' lang='lat' dir='ltr'><strong>suggererem,</strong></span> <span class='ocrx_word' id='word_1_13' title='bbox 444 594 525 654; x_wconf 85' lang='lat' dir='ltr'><strong>atqrre</strong></span> <span class='ocrx_word' id='word_1_14' title='bbox 539 583 573 637; x_wconf 85' lang='lat' dir='ltr'><strong>sd</strong></span> <span class='ocrx_word' id='word_1_15' title='bbox 587 583 726 654; x_wconf 71' lang='lat' dir='ltr'><strong>religionis</strong></span> <span class='ocrx_word' id='word_1_16' title='bbox 741 582 860 637; x_wconf 90' lang='lat' dir='ltr'><strong>studium</strong></span> <span class='ocrx_word' id='word_1_17' title='bbox 879 581 1040 652; x_wconf 87' lang='lat' dir='ltr'><strong>quibusdam</strong></span> <span class='ocrx_word' id='word_1_18' title='bbox 1055 578 1080 638; x_wconf 73' lang='grc' dir='ltr'><strong>Δ</strong></span> <span class='ocrx_word' id='word_1_19' title='bbox 1094 577 1136 629; x_wconf 75' lang='lat' dir='ltr'><strong>ira</strong></span> <span class='ocrx_word' id='word_1_20' title='bbox 1156 580 1210 643; x_wconf 84' lang='lat' dir='ltr'><strong>sil,</strong></span> <span class='ocrx_word' id='word_1_21' title='bbox 1232 577 1274 633; x_wconf 85' lang='lat' dir='ltr'><strong>rei</strong></span> <span class='ocrx_word' id='word_1_22' title='bbox 1299 581 1422 636; x_wconf 76' lang='lat' dir='ltr'><strong>excedat,</strong></span> <span class='ocrx_word' id='word_1_23' title='bbox 1447 579 1607 638; x_wconf 84' lang='lat' dir='ltr'><strong>blatutrnum</strong></span> <span class='ocrx_word' id='word_1_24' title='bbox 1631 586 1748 658; x_wconf 85' lang='lat' dir='ltr'><strong>denique</strong></span> <span class='ocrx_word' id='word_1_25' title='bbox 1767 590 1893 661; x_wconf 78' lang='lat' dir='ltr'><strong>quinque</strong></span> <span class='ocrx_word' id='word_1_26' title='bbox 1982 614 1990 625; x_wconf 92' lang='lat'>·</span> 
     </span>
    </p>
   </div>
   <div class='ocr_carea' id='block_1_4' title="bbox 248 663 1893 2303">
    <p class='ocr_par' dir='ltr' id='par_1_4' title="bbox 248 663 1893 2303">
     <span class='ocr_line' id='line_1_4' title="bbox 248 663 1892 750; baseline 0.005 -20"><span class='ocrx_word' id='word_1_27' title='bbox 248 683 276 731; x_wconf 85' lang='lat' dir='ltr'><strong>tc</strong></span> <span class='ocrx_word' id='word_1_28' title='bbox 288 672 530 729; x_wconf 81' lang='lat' dir='ltr'><strong>etltortatinneulis</strong></span> <span class='ocrx_word' id='word_1_29' title='bbox 540 687 729 743; x_wconf 83' lang='lat' dir='ltr'><strong>provocarem,</strong></span> <span class='ocrx_word' id='word_1_30' title='bbox 746 673 852 728; x_wconf 88' lang='lat' dir='ltr'><strong>tandem</strong></span> <span class='ocrx_word' id='word_1_31' title='bbox 866 672 899 727; x_wconf 91' lang='lat' dir='ltr'><strong>ad</strong></span> <span class='ocrx_word' id='word_1_32' title='bbox 913 673 965 727; x_wconf 91' lang='lat' dir='ltr'><strong>boc</strong></span> <span class='ocrx_word' id='word_1_33' title='bbox 980 686 1040 750; x_wconf 76' lang='lat' dir='ltr'><strong>pro·</strong></span> <span class='ocrx_word' id='word_1_34' title='bbox 1093 663 1217 723; x_wconf 69' lang='lat' dir='ltr'><strong>laudibus</strong></span> <span class='ocrx_word' id='word_1_35' title='bbox 1235 676 1359 736; x_wconf 84' lang='lat' dir='ltr'><strong>constat,</strong></span> <span class='ocrx_word' id='word_1_36' title='bbox 1372 678 1488 739; x_wconf 78' lang='lat' dir='ltr'><strong>urratuor</strong></span> <span class='ocrx_word' id='word_1_37' title='bbox 1506 672 1631 730; x_wconf 81' lang='lat' dir='ltr'><strong>videlicet</strong></span> <span class='ocrx_word' id='word_1_38' title='bbox 1650 679 1761 745; x_wconf 89' lang='lat' dir='ltr'><strong>psalmis</strong></span> <span class='ocrx_word' id='word_1_39' title='bbox 1782 691 1810 736; x_wconf 91' lang='lat' dir='ltr'><strong>ct</strong></span> <span class='ocrx_word' id='word_1_40' title='bbox 1832 699 1892 738; x_wconf 91' lang='lat' dir='ltr'><strong>uno</strong></span> 
     </span>
     <span class='ocr_line' id='line_1_5' title="bbox 248 755 1891 843; baseline 0.006 -25"><span class='ocrx_word' id='word_1_41' title='bbox 248 765 330 819; x_wconf 85' lang='lat' dir='ltr'><strong>cessit</strong></span> <span class='ocrx_word' id='word_1_42' title='bbox 342 762 440 823; x_wconf 85' lang='lat' dir='ltr'><strong>oratio.</strong></span> <span class='ocrx_word' id='word_1_43' title='bbox 452 770 483 817; x_wconf 91' lang='lat' dir='ltr'><strong>ut</strong></span> <span class='ocrx_word' id='word_1_44' title='bbox 494 778 645 818; x_wconf 87' lang='lat' dir='ltr'><strong>assererem</strong></span> <span class='ocrx_word' id='word_1_45' title='bbox 657 763 786 819; x_wconf 86' lang='lat' dir='ltr'><strong>canonica</strong></span> <span class='ocrx_word' id='word_1_46' title='bbox 799 773 900 835; x_wconf 86' lang='lat' dir='ltr'><strong>septem</strong></span> <span class='ocrx_word' id='word_1_47' title='bbox 914 762 1042 818; x_wconf 84' lang='lat' dir='ltr'><strong>horarum</strong></span> <span class='ocrx_word' id='word_1_48' title='bbox 1093 755 1211 811; x_wconf 73' lang='lat' dir='ltr'><strong>camino</strong></span> <span class='ocrx_word' id='word_1_49' title='bbox 1243 757 1277 811; x_wconf 81' lang='lat' dir='ltr'><strong>Et</strong></span> <span class='ocrx_word' id='word_1_50' title='bbox 1303 774 1424 830; x_wconf 74' lang='lat' dir='ltr'><strong>congrue</strong></span> <span class='ocrx_word' id='word_1_51' title='bbox 1452 760 1517 817; x_wconf 88' lang='lat' dir='ltr'><strong>drrrn</strong></span> <span class='ocrx_word' id='word_1_52' title='bbox 1546 763 1642 819; x_wconf 89' lang='lat' dir='ltr'><strong>diurna</strong></span> <span class='ocrx_word' id='word_1_53' title='bbox 1672 768 1717 823; x_wconf 80' lang='lat' dir='ltr'><strong>lun</strong></span> <span class='ocrx_word' id='word_1_54' title='bbox 1750 774 1891 843; x_wconf 84' lang='lat' dir='ltr'><strong>erumpit,</strong></span> 
     </span>
     <span class='ocr_line' id='line_1_6' title="bbox 250 847 1892 926; baseline 0.009 -19"><span class='ocrx_word' id='word_1_55' title='bbox 250 852 1045 923; x_wconf 81' lang='lat' dir='ltr'><strong>olliciaabomuibusChristianisddelibuslieoqrrotidie</strong></span> <span class='ocrx_word' id='word_1_56' title='bbox 1095 847 1151 903; x_wconf 74' lang='lat' dir='ltr'><strong>dee</strong></span> <span class='ocrx_word' id='word_1_57' title='bbox 1179 849 1261 920; x_wconf 75' lang='lat'><strong>213</strong></span> <span class='ocrx_word' id='word_1_58' title='bbox 1292 849 1385 907; x_wconf 86' lang='lat' dir='ltr'><strong>laudes</strong></span> <span class='ocrx_word' id='word_1_59' title='bbox 1402 849 1552 920; x_wconf 87' lang='lat' dir='ltr'><strong>ulierimns,</strong></span> <span class='ocrx_word' id='word_1_60' title='bbox 1579 857 1643 926; x_wconf 74' lang='lat' dir='ltr'><strong>utria</strong></span> <span class='ocrx_word' id='word_1_61' title='bbox 1663 860 1715 914; x_wconf 90' lang='lat' dir='ltr'><strong>sub</strong></span> <span class='ocrx_word' id='word_1_62' title='bbox 1742 864 1892 921; x_wconf 80' lang='lat' dir='ltr'>exterioris</span> 
     </span>
     <span class='ocr_line' id='line_1_7' title="bbox 250 936 1892 1019; baseline -0.001 -18"><span class='ocrx_word' id='word_1_63' title='bbox 250 948 327 1018; x_wconf 78' lang='lat' dir='ltr'><strong>pransi</strong></span> <span class='ocrx_word' id='word_1_64' title='bbox 349 947 485 1017; x_wconf 82' lang='lat' dir='ltr'><strong>quoddam</strong></span> <span class='ocrx_word' id='word_1_65' title='bbox 507 949 645 1005; x_wconf 80' lang='lat' dir='ltr'><strong>seruitutis</strong></span> <span class='ocrx_word' id='word_1_66' title='bbox 667 964 780 1019; x_wconf 77' lang='lat' dir='ltr'><strong>penatum</strong></span> <span class='ocrx_word' id='word_1_67' title='bbox 799 947 898 1011; x_wconf 89' lang='lat' dir='ltr'><strong>debere</strong></span> <span class='ocrx_word' id='word_1_68' title='bbox 916 946 1043 1016; x_wconf 80' lang='lat' dir='ltr'><strong>persolvi.</strong></span> <span class='ocrx_word' id='word_1_69' title='bbox 1095 936 1164 993; x_wconf 72' lang='lat' dir='ltr'><strong>lucis</strong></span> <span class='ocrx_word' id='word_1_70' title='bbox 1182 940 1272 1007; x_wconf 70' lang='lat' dir='ltr'><strong>sliat&#39;ie</strong></span> <span class='ocrx_word' id='word_1_71' title='bbox 1295 940 1380 997; x_wconf 80' lang='lat' dir='ltr'><strong>solem</strong></span> <span class='ocrx_word' id='word_1_72' title='bbox 1399 940 1513 1012; x_wconf 77' lang='lat' dir='ltr'><strong>iustitias</strong></span> <span class='ocrx_word' id='word_1_73' title='bbox 1547 943 1687 1003; x_wconf 80' lang='lat' dir='ltr'><strong>Cbristuna</strong></span> <span class='ocrx_word' id='word_1_74' title='bbox 1702 953 1803 1008; x_wconf 73' lang='lat' dir='ltr'><strong>nostris</strong></span> <span class='ocrx_word' id='word_1_75' title='bbox 1817 954 1892 1010; x_wconf 69' lang='lat' dir='ltr'><strong>nitu.</strong></span> 
     </span>
     <span class='ocr_line' id='line_1_8' title="bbox 251 1033 1893 1111; baseline 0.007 -20"><span class='ocrx_word' id='word_1_76' title='bbox 251 1036 304 1093; x_wconf 88' lang='lat' dir='ltr'><strong>Sed</strong></span> <span class='ocrx_word' id='word_1_77' title='bbox 320 1036 391 1107; x_wconf 81' lang='lat' dir='ltr'><strong>quot</strong></span> <span class='ocrx_word' id='word_1_78' title='bbox 410 1045 475 1094; x_wconf 89' lang='lat' dir='ltr'><strong>tunc</strong></span> <span class='ocrx_word' id='word_1_79' title='bbox 487 1039 577 1109; x_wconf 77' lang='lat' dir='ltr'><strong>lingua</strong></span> <span class='ocrx_word' id='word_1_80' title='bbox 592 1039 753 1095; x_wconf 71' lang='lat' dir='ltr'>decurrente</span> <span class='ocrx_word' id='word_1_81' title='bbox 770 1039 902 1110; x_wconf 86' lang='lat' dir='ltr'><strong>prolatum</strong></span> <span class='ocrx_word' id='word_1_82' title='bbox 916 1046 973 1103; x_wconf 89' lang='lat' dir='ltr'><strong>cst,</strong></span> <span class='ocrx_word' id='word_1_83' title='bbox 987 1037 1046 1108; x_wconf 88' lang='lat' dir='ltr'><strong>api·</strong></span> <span class='ocrx_word' id='word_1_84' title='bbox 1095 1040 1248 1086; x_wconf 64' lang='lat' dir='ltr'><strong>statement</strong></span> <span class='ocrx_word' id='word_1_85' title='bbox 1260 1033 1388 1090; x_wconf 64' lang='lat' dir='ltr'><strong>mulidus</strong></span> <span class='ocrx_word' id='word_1_86' title='bbox 1407 1042 1610 1104; x_wconf 64' lang='grc' dir='ltr'>θῐψθιῐιῐῐιΰι,</span> <span class='ocrx_word' id='word_1_87' title='bbox 1621 1047 1650 1092; x_wconf 69' lang='lat' dir='ltr'><strong>el</strong></span> <span class='ocrx_word' id='word_1_88' title='bbox 1662 1048 1790 1111; x_wconf 80' lang='lat' dir='ltr'><strong>lauqrram</strong></span> <span class='ocrx_word' id='word_1_89' title='bbox 1805 1046 1893 1103; x_wconf 86' lang='lat' dir='ltr'><strong>adre-</strong></span> 
     </span>
     <span class='ocr_line' id='line_1_9' title="bbox 250 1121 1892 1205; baseline 0.002 -24"><span class='ocrx_word' id='word_1_90' title='bbox 250 1127 328 1182; x_wconf 91' lang='lat' dir='ltr'><strong>cibus</strong></span> <span class='ocrx_word' id='word_1_91' title='bbox 351 1130 460 1185; x_wconf 88' lang='lat' dir='ltr'><strong>tradere</strong></span> <span class='ocrx_word' id='word_1_92' title='bbox 482 1131 665 1185; x_wconf 87' lang='lat' dir='ltr'><strong>necessarium</strong></span> <span class='ocrx_word' id='word_1_93' title='bbox 688 1131 770 1197; x_wconf 82' lang='lat' dir='ltr'><strong>duri;</strong></span> <span class='ocrx_word' id='word_1_94' title='bbox 789 1147 822 1187; x_wconf 90' lang='lat' dir='ltr'><strong>ne</strong></span> <span class='ocrx_word' id='word_1_95' title='bbox 842 1131 913 1201; x_wconf 86' lang='lat' dir='ltr'><strong>quod</strong></span> <span class='ocrx_word' id='word_1_96' title='bbox 933 1131 967 1185; x_wconf 84' lang='lat' dir='ltr'><strong>ad</strong></span> <span class='ocrx_word' id='word_1_97' title='bbox 988 1144 1046 1185; x_wconf 91' lang='lat' dir='ltr'><strong>mo-</strong></span> <span class='ocrx_word' id='word_1_98' title='bbox 1096 1121 1180 1176; x_wconf 84' lang='lat' dir='ltr'><strong>aienti</strong></span> <span class='ocrx_word' id='word_1_99' title='bbox 1204 1122 1385 1193; x_wconf 70' lang='lat' dir='ltr'><strong>itm&#39;sportto</strong></span> <span class='ocrx_word' id='word_1_100' title='bbox 1410 1132 1467 1181; x_wconf 85' lang='lat' dir='ltr'><strong>tota</strong></span> <span class='ocrx_word' id='word_1_101' title='bbox 1498 1127 1715 1201; x_wconf 71' lang='lat' dir='ltr'><strong>gauderentque</strong></span> <span class='ocrx_word' id='word_1_102' title='bbox 1738 1136 1892 1205; x_wconf 62' lang='lat' dir='ltr'><strong>tripudians</strong></span> 
     </span>
     <span class='ocr_line' id='line_1_10' title="bbox 251 1212 1891 1291; baseline 0.011 -19"><span class='ocrx_word' id='word_1_103' title='bbox 251 1229 373 1276; x_wconf 81' lang='lat' dir='ltr'><strong>tarentum</strong></span> <span class='ocrx_word' id='word_1_104' title='bbox 393 1221 562 1291; x_wconf 79' lang='lat' dir='ltr'><strong>simplicibus</strong></span> <span class='ocrx_word' id='word_1_105' title='bbox 573 1223 664 1278; x_wconf 89' lang='lat' dir='ltr'><strong>rerbis</strong></span> <span class='ocrx_word' id='word_1_106' title='bbox 677 1223 794 1288; x_wconf 87' lang='lat' dir='ltr'><strong>audisti,</strong></span> <span class='ocrx_word' id='word_1_107' title='bbox 811 1223 916 1277; x_wconf 77' lang='lat' dir='ltr'><strong>facilius</strong></span> <span class='ocrx_word' id='word_1_108' title='bbox 926 1221 1045 1286; x_wconf 82' lang='lat' dir='ltr'><strong>excidat,</strong></span> <span class='ocrx_word' id='word_1_109' title='bbox 1098 1212 1218 1266; x_wconf 69' lang='grc' dir='ltr'><strong>θῑῦῦῐῑῑῑ</strong></span> <span class='ocrx_word' id='word_1_110' title='bbox 1232 1212 1365 1273; x_wconf 60' lang='lat' dir='ltr'><strong>Ecclesia·</strong></span> <span class='ocrx_word' id='word_1_111' title='bbox 1386 1213 1432 1272; x_wconf 73' lang='lat'><strong>5¹⁰</strong></span> <span class='ocrx_word' id='word_1_112' title='bbox 1445 1218 1565 1289; x_wconf 63' lang='lat' dir='ltr'><strong>(1¹¹leoe</strong></span> <span class='ocrx_word' id='word_1_113' title='bbox 1580 1219 1714 1289; x_wconf 64' lang='lat' dir='ltr'><strong>liudlbsssst</strong></span> <span class='ocrx_word' id='word_1_114' title='bbox 1735 1239 1768 1280; x_wconf 67' lang='lat' dir='ltr'><strong>dc</strong></span> <span class='ocrx_word' id='word_1_115' title='bbox 1781 1226 1804 1281; x_wconf 71' lang='lat' dir='ltr'><strong>Si</strong></span> <span class='ocrx_word' id='word_1_116' title='bbox 1823 1230 1891 1284; x_wconf 90' lang='lat' dir='ltr'><strong>toti-</strong></span> 
     </span>
     <span class='ocr_line' id='line_1_11' title="bbox 250 1303 1892 1383; baseline 0.007 -21"><span class='ocrx_word' id='word_1_117' title='bbox 250 1308 297 1362; x_wconf 87' lang='lat' dir='ltr'><strong>sed</strong></span> <span class='ocrx_word' id='word_1_118' title='bbox 321 1308 471 1376; x_wconf 80' lang='lat' dir='ltr'><strong>subjectam</strong></span> <span class='ocrx_word' id='word_1_119' title='bbox 491 1312 577 1368; x_wconf 88' lang='lat' dir='ltr'><strong>ocrrlis</strong></span> <span class='ocrx_word' id='word_1_120' title='bbox 596 1326 644 1382; x_wconf 89' lang='lat' dir='ltr'><strong>per</strong></span> <span class='ocrx_word' id='word_1_121' title='bbox 658 1312 721 1383; x_wconf 81' lang='lat' dir='ltr'><strong>styli</strong></span> <span class='ocrx_word' id='word_1_122' title='bbox 746 1313 880 1368; x_wconf 90' lang='lat' dir='ltr'><strong>currentis</strong></span> <span class='ocrx_word' id='word_1_123' title='bbox 901 1310 1045 1368; x_wconf 87' lang='lat' dir='ltr'><strong>articulum</strong></span> <span class='ocrx_word' id='word_1_124' title='bbox 1097 1303 1157 1357; x_wconf 76' lang='lat' dir='ltr'><strong>dem</strong></span> <span class='ocrx_word' id='word_1_125' title='bbox 1178 1305 1297 1374; x_wconf 80' lang='lat' dir='ltr'><strong>acceptis</strong></span> <span class='ocrx_word' id='word_1_126' title='bbox 1310 1304 1480 1378; x_wconf 77' lang='lat' dir='ltr'><strong>lampadibus</strong></span> <span class='ocrx_word' id='word_1_127' title='bbox 1496 1312 1637 1379; x_wconf 85' lang='lat' dir='ltr'><strong>adornata,</strong></span> <span class='ocrx_word' id='word_1_128' title='bbox 1652 1323 1680 1369; x_wconf 87' lang='lat' dir='ltr'><strong>et</strong></span> <span class='ocrx_word' id='word_1_129' title='bbox 1700 1316 1772 1371; x_wconf 85' lang='lat' dir='ltr'><strong>velut</strong></span> <span class='ocrx_word' id='word_1_130' title='bbox 1785 1318 1892 1375; x_wconf 74' lang='lat' dir='ltr'><strong>ultimae</strong></span> 
     </span>
     <span class='ocr_line' id='line_1_12' title="bbox 250 1391 1889 1481; baseline 0.015 -39"><span class='ocrx_word' id='word_1_131' title='bbox 250 1400 388 1455; x_wconf 50' lang='lat' dir='ltr'><strong>memmae,</strong></span> <span class='ocrx_word' id='word_1_132' title='bbox 401 1402 522 1458; x_wconf 60' lang='lat' dir='ltr'><strong>tenacius</strong></span> <span class='ocrx_word' id='word_1_133' title='bbox 538 1402 709 1460; x_wconf 53' lang='lat' dir='ltr'><strong>pnpaesescap,</strong></span> <span class='ocrx_word' id='word_1_134' title='bbox 1095 1391 1151 1463; x_wconf 74' lang='grc' dir='ltr'>Ῐιιιιι</span> <span class='ocrx_word' id='word_1_135' title='bbox 1171 1395 1345 1453; x_wconf 69' lang='lat' dir='ltr'><strong>excitationis</strong></span> <span class='ocrx_word' id='word_1_136' title='bbox 1366 1396 1487 1455; x_wconf 87' lang='lat' dir='ltr'><strong>elamore</strong></span> <span class='ocrx_word' id='word_1_137' title='bbox 1503 1401 1530 1456; x_wconf 91' lang='lat' dir='ltr'><strong>in</strong></span> <span class='ocrx_word' id='word_1_138' title='bbox 1550 1404 1641 1459; x_wconf 87' lang='lat' dir='ltr'><strong>cordis</strong></span> <span class='ocrx_word' id='word_1_139' title='bbox 1655 1420 1721 1461; x_wconf 88' lang='lat' dir='ltr'><strong>aure</strong></span> <span class='ocrx_word' id='word_1_140' title='bbox 1734 1420 1889 1481; x_wconf 73' lang='lat' dir='ltr'><strong>concupio:</strong></span> 
     </span>
     <span class='ocr_line' id='line_1_13' title="bbox 511 1488 1893 1568; baseline 0.012 -28"><span class='ocrx_word' id='word_1_141' title='bbox 511 1493 626 1549; x_wconf 69' lang='lat' dir='ltr'>CAPUT</span> <span class='ocrx_word' id='word_1_142' title='bbox 650 1495 793 1551; x_wconf 62' lang='lat' dir='ltr'><strong>parituli.</strong></span> <span class='ocrx_word' id='word_1_143' title='bbox 1097 1498 1162 1541; x_wconf 88' lang='lat' dir='ltr'><strong>ecce</strong></span> <span class='ocrx_word' id='word_1_144' title='bbox 1178 1501 1293 1555; x_wconf 88' lang='lat' dir='ltr'><strong>sponsus</strong></span> <span class='ocrx_word' id='word_1_145' title='bbox 1309 1488 1394 1553; x_wconf 79' lang='lat' dir='ltr'><strong>venit,</strong></span> <span class='ocrx_word' id='word_1_146' title='bbox 1413 1490 1484 1546; x_wconf 81' lang='lat' dir='ltr'><strong>erite</strong></span> <span class='ocrx_word' id='word_1_147' title='bbox 1502 1491 1609 1547; x_wconf 81' lang='lat' dir='ltr'><strong>obviarn</strong></span> <span class='ocrx_word' id='word_1_148' title='bbox 1625 1494 1662 1560; x_wconf 90' lang='lat' dir='ltr'><strong>ei,</strong></span> <span class='ocrx_word' id='word_1_149' title='bbox 1688 1508 1893 1568; x_wconf 84' lang='lat' dir='ltr'><strong>consequenter</strong></span> 
     </span>
     <span class='ocr_line' id='line_1_14' title="bbox 497 1577 1891 1657; baseline 0.009 -22"><span class='ocrx_word' id='word_1_150' title='bbox 497 1580 669 1638; x_wconf 72' lang='lat' dir='ltr'><strong>Penestarum</strong></span> <span class='ocrx_word' id='word_1_151' title='bbox 688 1586 805 1655; x_wconf 74' lang='lat' dir='ltr'><strong>effectus.</strong></span> <span class='ocrx_word' id='word_1_152' title='bbox 1098 1577 1163 1633; x_wconf 89' lang='lat' dir='ltr'><strong>illud</strong></span> <span class='ocrx_word' id='word_1_153' title='bbox 1183 1580 1369 1651; x_wconf 76' lang='lat' dir='ltr'><strong>euangelicum</strong></span> <span class='ocrx_word' id='word_1_154' title='bbox 1389 1584 1561 1653; x_wconf 71' lang='lat' dir='ltr'><strong>specietenus</strong></span> <span class='ocrx_word' id='word_1_155' title='bbox 1582 1586 1751 1657; x_wconf 86' lang='lat' dir='ltr'><strong>impleatur:</strong></span> <span class='ocrx_word' id='word_1_156' title='bbox 1772 1609 1783 1643; x_wconf 89' lang='grc' dir='ltr'>ι</span> <span class='ocrx_word' id='word_1_157' title='bbox 1809 1590 1891 1649; x_wconf 75' lang='lat' dir='ltr'><strong>Tunc</strong></span> 
     </span>
     <span class='ocr_line' id='line_1_15' title="bbox 287 1671 1890 1749; baseline 0.007 -23"><span class='ocrx_word' id='word_1_158' title='bbox 287 1671 397 1743; x_wconf 88' lang='lat' dir='ltr'><strong>Septem</strong></span> <span class='ocrx_word' id='word_1_159' title='bbox 409 1672 487 1744; x_wconf 88' lang='lat' dir='ltr'><strong>plane</strong></span> <span class='ocrx_word' id='word_1_160' title='bbox 499 1683 562 1731; x_wconf 87' lang='lat' dir='ltr'><strong>sunt</strong></span> <span class='ocrx_word' id='word_1_161' title='bbox 572 1674 730 1745; x_wconf 87' lang='lat' dir='ltr'><strong>principalia</strong></span> <span class='ocrx_word' id='word_1_162' title='bbox 741 1676 804 1731; x_wconf 84' lang='lat' dir='ltr'><strong>titia</strong></span> <span class='ocrx_word' id='word_1_163' title='bbox 814 1675 938 1749; x_wconf 82' lang='lat' dir='ltr'><strong>(Consule</strong></span> <span class='ocrx_word' id='word_1_164' title='bbox 948 1676 1048 1733; x_wconf 79' lang='lat' dir='ltr'><strong>sciolis</strong></span> <span class='ocrx_word' id='word_1_165' title='bbox 1098 1680 1293 1736; x_wconf 65' lang='lat' dir='ltr'><strong>mimeram.</strong></span> <span class='ocrx_word' id='word_1_166' title='bbox 1315 1673 1420 1743; x_wconf 80' lang='lat' dir='ltr'><strong>innuit,</strong></span> <span class='ocrx_word' id='word_1_167' title='bbox 1433 1689 1527 1731; x_wconf 90' lang='lat' dir='ltr'><strong>omnes</strong></span> <span class='ocrx_word' id='word_1_168' title='bbox 1541 1675 1660 1747; x_wconf 76' lang='lat' dir='ltr'><strong>virgines</strong></span> <span class='ocrx_word' id='word_1_169' title='bbox 1670 1679 1740 1745; x_wconf 78' lang='lat' dir='ltr'><strong>illae.</strong></span> <span class='ocrx_word' id='word_1_170' title='bbox 1756 1696 1784 1736; x_wconf 74' lang='grc' dir='ltr'>θι</span> <span class='ocrx_word' id='word_1_171' title='bbox 1804 1697 1890 1739; x_wconf 81' lang='lat' dir='ltr'><strong>orus-</strong></span> 
     </span>
     <span class='ocr_line' id='line_1_16' title="bbox 252 1760 1702 1841; baseline 0.007 -19"><span class='ocrx_word' id='word_1_172' title='bbox 252 1769 287 1824; x_wconf 71' lang='grc' dir='ltr'>ιι</span> <span class='ocrx_word' id='word_1_173' title='bbox 306 1768 403 1831; x_wconf 61' lang='lat' dir='ltr'><strong>tarem</strong></span> <span class='ocrx_word' id='word_1_174' title='bbox 422 1768 564 1839; x_wconf 63' lang='lat' dir='ltr'><strong>opstant),</strong></span> <span class='ocrx_word' id='word_1_175' title='bbox 585 1785 618 1824; x_wconf 73' lang='lat' dir='ltr'><strong>ex</strong></span> <span class='ocrx_word' id='word_1_176' title='bbox 633 1769 731 1839; x_wconf 71' lang='lat' dir='ltr'><strong>quinus</strong></span> <span class='ocrx_word' id='word_1_177' title='bbox 743 1771 987 1827; x_wconf 66' lang='lat' dir='ltr'><strong>ceremoniarum</strong></span> <span class='ocrx_word' id='word_1_178' title='bbox 1001 1785 1048 1841; x_wconf 67' lang='lat' dir='ltr'><strong>pe</strong></span> <span class='ocrx_word' id='word_1_179' title='bbox 1098 1760 1340 1832; x_wconf 55' lang='lat' dir='ltr'><strong>remittendae</strong></span> <span class='ocrx_word' id='word_1_180' title='bbox 1354 1764 1540 1837; x_wconf 69' lang='lat' dir='ltr'><strong>nnsrunn.</strong></span> <span class='ocrx_word' id='word_1_181' title='bbox 1552 1778 1614 1831; x_wconf 77' lang='lat' dir='ltr'><strong>nv.</strong></span> <span class='ocrx_word' id='word_1_182' title='bbox 1626 1763 1702 1835; x_wconf 66' lang='lat' dir='ltr'><strong>²5)-a</strong></span> 
     </span>
     <span class='ocr_line' id='line_1_17' title="bbox 252 1850 1890 1933; baseline 0.008 -19"><span class='ocrx_word' id='word_1_183' title='bbox 252 1869 308 1914; x_wconf 90' lang='lat' dir='ltr'><strong>stes</strong></span> <span class='ocrx_word' id='word_1_184' title='bbox 321 1859 464 1915; x_wconf 88' lang='lat' dir='ltr'><strong>oriuntur:</strong></span> <span class='ocrx_word' id='word_1_185' title='bbox 478 1876 539 1931; x_wconf 82' lang='lat' dir='ltr'><strong>qrtae</strong></span> <span class='ocrx_word' id='word_1_186' title='bbox 552 1861 678 1916; x_wconf 88' lang='lat' dir='ltr'><strong>nimirum</strong></span> <span class='ocrx_word' id='word_1_187' title='bbox 694 1871 758 1917; x_wconf 90' lang='lat' dir='ltr'><strong>suut</strong></span> <span class='ocrx_word' id='word_1_188' title='bbox 769 1863 908 1933; x_wconf 87' lang='lat' dir='ltr'><strong>superbia,</strong></span> <span class='ocrx_word' id='word_1_189' title='bbox 921 1862 1046 1929; x_wconf 82' lang='lat' dir='ltr'><strong>auaritia,</strong></span> <span class='ocrx_word' id='word_1_190' title='bbox 1133 1850 1211 1919; x_wconf 64' lang='lat' dir='ltr'><strong>Quill!</strong></span> <span class='ocrx_word' id='word_1_191' title='bbox 1230 1852 1358 1909; x_wconf 62' lang='lat' dir='ltr'><strong>inimi*</strong></span> <span class='ocrx_word' id='word_1_192' title='bbox 1372 1852 1453 1927; x_wconf 61' lang='lat' dir='ltr'><strong>i⁰i⁰⁵</strong></span> <span class='ocrx_word' id='word_1_193' title='bbox 1462 1856 1603 1912; x_wconf 65' lang='lat' dir='ltr'><strong>milufissoe</strong></span> <span class='ocrx_word' id='word_1_194' title='bbox 1617 1858 1704 1914; x_wconf 63' lang='lat' dir='ltr'><strong>liudis</strong></span> <span class='ocrx_word' id='word_1_195' title='bbox 1722 1858 1811 1916; x_wconf 67' lang='lat' dir='ltr'><strong>⁰ffi⁰i⁰</strong></span> <span class='ocrx_word' id='word_1_196' title='bbox 1824 1877 1890 1917; x_wconf 73' lang='lat'>0³¹¹·</span> 
     </span>
     <span class='ocr_line' id='line_1_18' title="bbox 252 1941 1889 2026; baseline 0.007 -23"><span class='ocrx_word' id='word_1_197' title='bbox 252 1949 437 2026; x_wconf 72' lang='lat' dir='ltr'><strong>vanaguna,</strong></span> <span class='ocrx_word' id='word_1_198' title='bbox 450 1950 506 2016; x_wconf 72' lang='lat' dir='ltr'><strong>tra,</strong></span> <span class='ocrx_word' id='word_1_199' title='bbox 519 1950 635 2017; x_wconf 69' lang='lat' dir='ltr'><strong>tratura,</strong></span> <span class='ocrx_word' id='word_1_200' title='bbox 648 1950 768 2016; x_wconf 75' lang='lat' dir='ltr'><strong>taxans,</strong></span> <span class='ocrx_word' id='word_1_201' title='bbox 784 1952 907 2009; x_wconf 75' lang='lat' dir='ltr'><strong>insama.</strong></span> <span class='ocrx_word' id='word_1_202' title='bbox 921 1952 1048 2009; x_wconf 57' lang='lat' dir='ltr'><strong>nutu,</strong></span> <span class='ocrx_word' id='word_1_203' title='bbox 1062 1947 1086 2009; x_wconf 86' lang='lat' dir='ltr'><strong>tt</strong></span> <span class='ocrx_word' id='word_1_204' title='bbox 1100 1941 1183 1997; x_wconf 74' lang='lat' dir='ltr'><strong>tiaran</strong></span> <span class='ocrx_word' id='word_1_205' title='bbox 1203 1944 1325 2014; x_wconf 70' lang='lat' dir='ltr'><strong>nonore</strong></span> <span class='ocrx_word' id='word_1_206' title='bbox 1348 1945 1460 2015; x_wconf 73' lang='lat' dir='ltr'><strong>statuis</strong></span> <span class='ocrx_word' id='word_1_207' title='bbox 1475 1946 1639 2018; x_wconf 72' lang='lat' dir='ltr'><strong>adiuratus,</strong></span> <span class='ocrx_word' id='word_1_208' title='bbox 1662 1951 1889 2021; x_wconf 77' lang='lat' dir='ltr'><strong>utrtrsnrertre.</strong></span> 
     </span>
     <span class='ocr_line' id='line_1_19' title="bbox 253 2036 1890 2113; baseline 0.006 -21"><span class='ocrx_word' id='word_1_209' title='bbox 253 2054 322 2109; x_wconf 86' lang='lat' dir='ltr'><strong>qrre,</strong></span> <span class='ocrx_word' id='word_1_210' title='bbox 349 2039 412 2110; x_wconf 88' lang='lat' dir='ltr'><strong>quia</strong></span> <span class='ocrx_word' id='word_1_211' title='bbox 427 2055 509 2096; x_wconf 86' lang='lat' dir='ltr'><strong>eausa</strong></span> <span class='ocrx_word' id='word_1_212' title='bbox 524 2050 588 2096; x_wconf 88' lang='lat' dir='ltr'><strong>suut</strong></span> <span class='ocrx_word' id='word_1_213' title='bbox 610 2041 732 2096; x_wconf 88' lang='lat' dir='ltr'><strong>omnium</strong></span> <span class='ocrx_word' id='word_1_214' title='bbox 756 2050 785 2097; x_wconf 90' lang='lat' dir='ltr'><strong>et</strong></span> <span class='ocrx_word' id='word_1_215' title='bbox 805 2041 881 2112; x_wconf 73' lang='lat' dir='ltr'><strong>origo</strong></span> <span class='ocrx_word' id='word_1_216' title='bbox 901 2041 1046 2110; x_wconf 78' lang='lat' dir='ltr'><strong>urniorum,</strong></span> <span class='ocrx_word' id='word_1_217' title='bbox 1098 2036 1314 2107; x_wconf 78' lang='lat' dir='ltr'><strong>contemplative</strong></span> <span class='ocrx_word' id='word_1_218' title='bbox 1338 2038 1444 2094; x_wconf 89' lang='lat' dir='ltr'><strong>scilicet</strong></span> <span class='ocrx_word' id='word_1_219' title='bbox 1463 2046 1492 2094; x_wconf 92' lang='lat' dir='ltr'><strong>et</strong></span> <span class='ocrx_word' id='word_1_220' title='bbox 1512 2040 1618 2105; x_wconf 80' lang='lat' dir='ltr'><strong>activae,</strong></span> <span class='ocrx_word' id='word_1_221' title='bbox 1634 2041 1795 2113; x_wconf 77' lang='lat' dir='ltr'><strong>mysterium</strong></span> <span class='ocrx_word' id='word_1_222' title='bbox 1807 2044 1890 2102; x_wconf 84' lang='lat' dir='ltr'><strong>redo-</strong></span> 
     </span>
     <span class='ocr_line' id='line_1_20' title="bbox 255 2126 1890 2202; baseline 0.004 -17"><span class='ocrx_word' id='word_1_223' title='bbox 255 2132 413 2188; x_wconf 81' lang='lat' dir='ltr'><strong>subendam</strong></span> <span class='ocrx_word' id='word_1_224' title='bbox 429 2133 734 2189; x_wconf 80' lang='lat' dir='ltr'><strong>numerosuoslsabere</strong></span> <span class='ocrx_word' id='word_1_225' title='bbox 747 2134 1022 2190; x_wconf 83' lang='lat' dir='ltr'><strong>nuscunturelicctus</strong></span> <span class='ocrx_word' id='word_1_226' title='bbox 1037 2150 1046 2188; x_wconf 77' lang='lat' dir='ltr'><strong>a</strong></span> <span class='ocrx_word' id='word_1_227' title='bbox 1097 2127 1155 2184; x_wconf 84' lang='lat' dir='ltr'><strong>lere</strong></span> <span class='ocrx_word' id='word_1_228' title='bbox 1178 2126 1296 2184; x_wconf 83' lang='lat' dir='ltr'><strong>ridetur.</strong></span> <span class='ocrx_word' id='word_1_229' title='bbox 1315 2127 1478 2184; x_wconf 85' lang='lat' dir='ltr'><strong>Psalterinnt</strong></span> <span class='ocrx_word' id='word_1_230' title='bbox 1499 2130 1609 2202; x_wconf 82' lang='lat' dir='ltr'><strong>qnippe,</strong></span> <span class='ocrx_word' id='word_1_231' title='bbox 1635 2146 1684 2188; x_wconf 85' lang='lat' dir='ltr'><strong>ras</strong></span> <span class='ocrx_word' id='word_1_232' title='bbox 1710 2133 1835 2190; x_wconf 78' lang='lat' dir='ltr'><strong>videlicet</strong></span> <span class='ocrx_word' id='word_1_233' title='bbox 1861 2134 1890 2191; x_wconf 88' lang='lat' dir='ltr'><strong>in</strong></span> 
     </span>
     <span class='ocr_line' id='line_1_21' title="bbox 253 2216 1890 2303; baseline 0.002 -26"><span class='ocrx_word' id='word_1_234' title='bbox 253 2232 357 2294; x_wconf 89' lang='lat' dir='ltr'><strong>septem</strong></span> <span class='ocrx_word' id='word_1_235' title='bbox 371 2222 495 2303; x_wconf 80' lang='lat' dir='ltr'><strong>uidelicet</strong></span> <span class='ocrx_word' id='word_1_236' title='bbox 516 2222 669 2279; x_wconf 88' lang='lat' dir='ltr'><strong>criminalia</strong></span> <span class='ocrx_word' id='word_1_237' title='bbox 687 2233 810 2294; x_wconf 86' lang='lat' dir='ltr'><strong>peccata,</strong></span> <span class='ocrx_word' id='word_1_238' title='bbox 825 2225 852 2281; x_wconf 91' lang='lat' dir='ltr'><strong>id</strong></span> <span class='ocrx_word' id='word_1_239' title='bbox 869 2233 928 2291; x_wconf 88' lang='lat' dir='ltr'><strong>est,</strong></span> <span class='ocrx_word' id='word_1_240' title='bbox 941 2223 1048 2281; x_wconf 87' lang='lat' dir='ltr'><strong>adnite-</strong></span> <span class='ocrx_word' id='word_1_241' title='bbox 1098 2218 1209 2275; x_wconf 81' lang='lat' dir='ltr'><strong>madunt</strong></span> <span class='ocrx_word' id='word_1_242' title='bbox 1219 2216 1589 2290; x_wconf 61' lang='lat' dir='ltr'><strong>alutinensium</strong></span> <span class='ocrx_word' id='word_1_243' title='bbox 1600 2222 1697 2279; x_wconf 88' lang='lat' dir='ltr'><strong>cordas</strong></span> <span class='ocrx_word' id='word_1_244' title='bbox 1709 2224 1813 2294; x_wconf 86' lang='lat' dir='ltr'><strong>plectro</strong></span> <span class='ocrx_word' id='word_1_245' title='bbox 1826 2224 1890 2296; x_wconf 87' lang='lat' dir='ltr'><strong>pnl-</strong></span> 
     </span>
    </p>
   </div>
   <div class='ocr_carea' id='block_1_5' title="bbox 252 2314 1048 2479">
    <p class='ocr_par' dir='ltr' id='par_1_5' title="bbox 252 2314 1048 2479">
     <span class='ocr_line' id='line_1_22' title="bbox 254 2314 1048 2387; baseline 0.004 -18"><span class='ocrx_word' id='word_1_246' title='bbox 254 2315 335 2380; x_wconf 90' lang='lat' dir='ltr'><strong>rium,</strong></span> <span class='ocrx_word' id='word_1_247' title='bbox 351 2314 535 2379; x_wconf 78' lang='lat' dir='ltr'><strong>homicidium,</strong></span> <span class='ocrx_word' id='word_1_248' title='bbox 550 2314 665 2382; x_wconf 88' lang='lat' dir='ltr'><strong>lurtum,</strong></span> <span class='ocrx_word' id='word_1_249' title='bbox 683 2315 842 2387; x_wconf 74' lang='lat' dir='ltr'><strong>periurium,</strong></span> <span class='ocrx_word' id='word_1_250' title='bbox 857 2316 953 2373; x_wconf 83' lang='lat' dir='ltr'><strong>laisum</strong></span> <span class='ocrx_word' id='word_1_251' title='bbox 969 2316 1048 2372; x_wconf 89' lang='lat' dir='ltr'><strong>testi-</strong></span> 
     </span>
     <span class='ocr_line' id='line_1_23' title="bbox 252 2405 1048 2479; baseline 0.004 -18"><span class='ocrx_word' id='word_1_252' title='bbox 252 2405 385 2473; x_wconf 88' lang='lat' dir='ltr'><strong>monium,</strong></span> <span class='ocrx_word' id='word_1_253' title='bbox 403 2407 536 2476; x_wconf 88' lang='lat' dir='ltr'><strong>rapinam,</strong></span> <span class='ocrx_word' id='word_1_254' title='bbox 550 2414 578 2462; x_wconf 89' lang='lat' dir='ltr'><strong>et</strong></span> <span class='ocrx_word' id='word_1_255' title='bbox 593 2405 800 2479; x_wconf 82' lang='lat' dir='ltr'><strong>blasphemiam.</strong></span> <span class='ocrx_word' id='word_1_256' title='bbox 815 2407 844 2462; x_wconf 93' lang='lat' dir='ltr'><strong>ln</strong></span> <span class='ocrx_word' id='word_1_257' title='bbox 859 2407 958 2477; x_wconf 76' lang='lat' dir='ltr'><strong>utribus</strong></span> <span class='ocrx_word' id='word_1_258' title='bbox 970 2406 1048 2464; x_wconf 87' lang='lat' dir='ltr'><strong>ride·</strong></span> 
     </span>
    </p>
   </div>
   <div class='ocr_carea' id='block_1_6' title="bbox 161 2496 1047 2565">
    <p class='ocr_par' dir='ltr' id='par_1_6' title="bbox 161 2496 1047 2565">
     <span class='ocr_line' id='line_1_24' title="bbox 161 2496 1047 2565; baseline 0.001 -12"><span class='ocrx_word' id='word_1_259' title='bbox 161 2562 162 2565; x_wconf 8' lang='grc' dir='ltr'><strong>Ἴ</strong></span> <span class='ocrx_word' id='word_1_260' title='bbox 252 2496 317 2553; x_wconf 89' lang='lat' dir='ltr'><strong>licet</strong></span> <span class='ocrx_word' id='word_1_261' title='bbox 331 2505 386 2553; x_wconf 88' lang='lat' dir='ltr'><strong>tam</strong></span> <span class='ocrx_word' id='word_1_262' title='bbox 402 2506 488 2563; x_wconf 86' lang='lat' dir='ltr'><strong>certa,</strong></span> <span class='ocrx_word' id='word_1_263' title='bbox 503 2507 558 2554; x_wconf 89' lang='lat' dir='ltr'><strong>tam</strong></span> <span class='ocrx_word' id='word_1_264' title='bbox 572 2498 714 2555; x_wconf 78' lang='lat' dir='ltr'><strong>manifesta</strong></span> <span class='ocrx_word' id='word_1_265' title='bbox 730 2515 804 2555; x_wconf 90' lang='lat' dir='ltr'><strong>mors</strong></span> <span class='ocrx_word' id='word_1_266' title='bbox 816 2509 859 2555; x_wconf 88' lang='lat' dir='ltr'><strong>est</strong></span> <span class='ocrx_word' id='word_1_267' title='bbox 877 2499 1047 2565; x_wconf 66' lang='lat' dir='ltr'><strong>animorum</strong></span> 
     </span>
    </p>
   </div>
   <div class='ocr_carea' id='block_1_7' title="bbox 252 2585 1051 3290">
    <p class='ocr_par' dir='ltr' id='par_1_7' title="bbox 252 2585 1051 3290">
     <span class='ocr_line' id='line_1_25' title="bbox 253 2585 1047 2660; baseline 0.004 -19"><span class='ocrx_word' id='word_1_268' title='bbox 253 2594 283 2641; x_wconf 89' lang='lat' dir='ltr'><strong>nt</strong></span> <span class='ocrx_word' id='word_1_269' title='bbox 294 2585 418 2657; x_wconf 75' lang='lat' dir='ltr'><strong>purisquis</strong></span> <span class='ocrx_word' id='word_1_270' title='bbox 440 2585 468 2641; x_wconf 92' lang='lat' dir='ltr'><strong>in</strong></span> <span class='ocrx_word' id='word_1_271' title='bbox 489 2586 609 2657; x_wconf 76' lang='lat' dir='ltr'><strong>utrolibet</strong></span> <span class='ocrx_word' id='word_1_272' title='bbox 625 2588 722 2644; x_wconf 79' lang='lat' dir='ltr'><strong>hortum</strong></span> <span class='ocrx_word' id='word_1_273' title='bbox 736 2587 920 2660; x_wconf 86' lang='lat' dir='ltr'><strong>deprehensus</strong></span> <span class='ocrx_word' id='word_1_274' title='bbox 937 2589 1047 2655; x_wconf 91' lang='lat' dir='ltr'><strong>obierit,</strong></span> 
     </span>
     <span class='ocr_line' id='line_1_26' title="bbox 252 2677 1049 2734; baseline 0.004 -3"><span class='ocrx_word' id='word_1_275' title='bbox 252 2682 369 2731; x_wconf 79' lang='lat' dir='ltr'><strong>evertere</strong></span> <span class='ocrx_word' id='word_1_276' title='bbox 384 2677 566 2733; x_wconf 82' lang='lat' dir='ltr'><strong>dananatioms</strong></span> <span class='ocrx_word' id='word_1_277' title='bbox 583 2689 692 2734; x_wconf 81' lang='lat' dir='ltr'><strong>aeternae</strong></span> <span class='ocrx_word' id='word_1_278' title='bbox 712 2680 873 2734; x_wconf 88' lang='lat' dir='ltr'><strong>sententiam</strong></span> <span class='ocrx_word' id='word_1_279' title='bbox 896 2679 1049 2734; x_wconf 86' lang='lat' dir='ltr'><strong>nullatenus</strong></span> 
     </span>
     <span class='ocr_line' id='line_1_27' title="bbox 254 2767 1049 2839; baseline 0 -17"><span class='ocrx_word' id='word_1_280' title='bbox 254 2767 349 2838; x_wconf 82' lang='lat' dir='ltr'><strong>possit.</strong></span> <span class='ocrx_word' id='word_1_281' title='bbox 370 2767 476 2823; x_wconf 85' lang='lat' dir='ltr'><strong>llursus</strong></span> <span class='ocrx_word' id='word_1_282' title='bbox 496 2776 600 2838; x_wconf 84' lang='lat' dir='ltr'><strong>septem</strong></span> <span class='ocrx_word' id='word_1_283' title='bbox 620 2777 683 2823; x_wconf 88' lang='lat' dir='ltr'><strong>sunt</strong></span> <span class='ocrx_word' id='word_1_284' title='bbox 701 2768 787 2833; x_wconf 82' lang='lat' dir='ltr'><strong>lenia,</strong></span> <span class='ocrx_word' id='word_1_285' title='bbox 801 2769 968 2839; x_wconf 87' lang='lat' dir='ltr'><strong>minimaque</strong></span> <span class='ocrx_word' id='word_1_286' title='bbox 986 2781 1049 2838; x_wconf 90' lang='lat' dir='ltr'><strong>pec-</strong></span> 
     </span>
     <span class='ocr_line' id='line_1_28' title="bbox 253 2856 1051 2928; baseline 0 -14"><span class='ocrx_word' id='word_1_287' title='bbox 253 2864 325 2922; x_wconf 88' lang='lat' dir='ltr'><strong>cata,</strong></span> <span class='ocrx_word' id='word_1_288' title='bbox 340 2857 367 2911; x_wconf 93' lang='lat' dir='ltr'><strong>in</strong></span> <span class='ocrx_word' id='word_1_289' title='bbox 387 2857 487 2927; x_wconf 87' lang='lat' dir='ltr'><strong>quibus</strong></span> <span class='ocrx_word' id='word_1_290' title='bbox 503 2873 555 2911; x_wconf 91' lang='lat' dir='ltr'><strong>uon</strong></span> <span class='ocrx_word' id='word_1_291' title='bbox 577 2857 664 2912; x_wconf 89' lang='lat' dir='ltr'><strong>solum</strong></span> <span class='ocrx_word' id='word_1_292' title='bbox 687 2867 828 2928; x_wconf 88' lang='lat' dir='ltr'><strong>peccator,</strong></span> <span class='ocrx_word' id='word_1_293' title='bbox 844 2858 890 2914; x_wconf 90' lang='lat' dir='ltr'><strong>sed</strong></span> <span class='ocrx_word' id='word_1_294' title='bbox 912 2866 940 2913; x_wconf 91' lang='lat' dir='ltr'><strong>et</strong></span> <span class='ocrx_word' id='word_1_295' title='bbox 959 2856 1051 2927; x_wconf 81' lang='lat' dir='ltr'><strong>justus</strong></span> 
     </span>
     <span class='ocr_line' id='line_1_29' title="bbox 254 2948 1051 3022; baseline 0.001 -21"><span class='ocrx_word' id='word_1_296' title='bbox 254 2948 368 3018; x_wconf 81' lang='lat' dir='ltr'><strong>quisque</strong></span> <span class='ocrx_word' id='word_1_297' title='bbox 379 2948 499 3017; x_wconf 83' lang='lat' dir='ltr'><strong>quotidie</strong></span> <span class='ocrx_word' id='word_1_298' title='bbox 513 2948 622 3013; x_wconf 86' lang='lat' dir='ltr'><strong>labitur,</strong></span> <span class='ocrx_word' id='word_1_299' title='bbox 636 2948 743 3004; x_wconf 86' lang='lat' dir='ltr'><strong>etiarnsi</strong></span> <span class='ocrx_word' id='word_1_300' title='bbox 759 2949 785 3022; x_wconf 87' lang='lat' dir='ltr'><strong>in</strong></span> <span class='ocrx_word' id='word_1_301' title='bbox 797 2949 904 3005; x_wconf 79' lang='lat' dir='ltr'><strong>excelsu</strong></span> <span class='ocrx_word' id='word_1_302' title='bbox 918 2948 975 3018; x_wconf 85' lang='lat' dir='ltr'><strong>jam</strong></span> <span class='ocrx_word' id='word_1_303' title='bbox 987 2963 1051 3019; x_wconf 92' lang='lat' dir='ltr'><strong>per·</strong></span> 
     </span>
     <span class='ocr_line' id='line_1_30' title="bbox 254 3035 1048 3107; baseline -0.005 -14"><span class='ocrx_word' id='word_1_304' title='bbox 254 3036 380 3093; x_wconf 89' lang='lat' dir='ltr'><strong>iectionis</strong></span> <span class='ocrx_word' id='word_1_305' title='bbox 398 3035 515 3092; x_wconf 86' lang='lat' dir='ltr'><strong>eulmine</strong></span> <span class='ocrx_word' id='word_1_306' title='bbox 531 3046 604 3091; x_wconf 88' lang='lat' dir='ltr'><strong>stare</strong></span> <span class='ocrx_word' id='word_1_307' title='bbox 615 3037 748 3092; x_wconf 88' lang='lat' dir='ltr'><strong>rideatur.</strong></span> <span class='ocrx_word' id='word_1_308' title='bbox 761 3037 826 3104; x_wconf 86' lang='lat' dir='ltr'><strong>Quae</strong></span> <span class='ocrx_word' id='word_1_309' title='bbox 839 3036 959 3107; x_wconf 86' lang='lat' dir='ltr'><strong>prolecto</strong></span> <span class='ocrx_word' id='word_1_310' title='bbox 975 3045 1048 3102; x_wconf 87' lang='lat' dir='ltr'><strong>sunt,</strong></span> 
     </span>
     <span class='ocr_line' id='line_1_31' title="bbox 256 3128 1051 3201; baseline 0.001 -17"><span class='ocrx_word' id='word_1_311' title='bbox 256 3129 394 3201; x_wconf 67' lang='lat' dir='ltr'><strong>cogitatio,</strong></span> <span class='ocrx_word' id='word_1_312' title='bbox 414 3130 577 3201; x_wconf 78' lang='lat' dir='ltr'><strong>ignorantia,</strong></span> <span class='ocrx_word' id='word_1_313' title='bbox 592 3130 790 3194; x_wconf 85' lang='lat' dir='ltr'><strong>inconstantia,</strong></span> <span class='ocrx_word' id='word_1_314' title='bbox 806 3130 962 3194; x_wconf 84' lang='lat' dir='ltr'><strong>necessitas,</strong></span> <span class='ocrx_word' id='word_1_315' title='bbox 975 3128 1051 3185; x_wconf 92' lang='lat' dir='ltr'><strong>inlir-</strong></span> 
     </span>
     <span class='ocr_line' id='line_1_32' title="bbox 256 3218 1050 3290; baseline -0.001 -16"><span class='ocrx_word' id='word_1_316' title='bbox 256 3219 347 3284; x_wconf 83' lang='lat' dir='ltr'><strong>mites,</strong></span> <span class='ocrx_word' id='word_1_317' title='bbox 360 3218 471 3285; x_wconf 82' lang='lat' dir='ltr'><strong>obliuio,</strong></span> <span class='ocrx_word' id='word_1_318' title='bbox 483 3220 628 3290; x_wconf 85' lang='lat' dir='ltr'><strong>obreptio:</strong></span> <span class='ocrx_word' id='word_1_319' title='bbox 644 3235 692 3290; x_wconf 92' lang='lat' dir='ltr'><strong>per</strong></span> <span class='ocrx_word' id='word_1_320' title='bbox 704 3235 764 3290; x_wconf 79' lang='lat' dir='ltr'><strong>quae</strong></span> <span class='ocrx_word' id='word_1_321' title='bbox 778 3218 902 3275; x_wconf 82' lang='lat' dir='ltr'><strong>uidelicet</strong></span> <span class='ocrx_word' id='word_1_322' title='bbox 922 3219 948 3274; x_wconf 90' lang='lat' dir='ltr'><strong>in</strong></span> <span class='ocrx_word' id='word_1_323' title='bbox 961 3218 1050 3287; x_wconf 79' lang='lat' dir='ltr'><strong>quud-</strong></span> 
     </span>
    </p>
   </div>
   <div class='ocr_carea' id='block_1_8' title="bbox 1097 2310 1893 3196">
    <p class='ocr_par' dir='ltr' id='par_1_8' title="bbox 1097 2310 1893 3196">
     <span class='ocr_line' id='line_1_33' title="bbox 1097 2310 1892 2386; baseline 0.009 -20"><span class='ocrx_word' id='word_1_324' title='bbox 1097 2319 1176 2366; x_wconf 86' lang='lat' dir='ltr'><strong>sante</strong></span> <span class='ocrx_word' id='word_1_325' title='bbox 1184 2310 1336 2380; x_wconf 78' lang='lat' dir='ltr'><strong>orlspmur3</strong></span> <span class='ocrx_word' id='word_1_326' title='bbox 1350 2310 1562 2367; x_wconf 80' lang='lat' dir='ltr'><strong>canticumrern</strong></span> <span class='ocrx_word' id='word_1_327' title='bbox 1571 2311 1632 2368; x_wconf 84' lang='lat' dir='ltr'><strong>solo</strong></span> <span class='ocrx_word' id='word_1_328' title='bbox 1644 2313 1775 2370; x_wconf 75' lang='lat' dir='ltr'><strong>duntaxat</strong></span> <span class='ocrx_word' id='word_1_329' title='bbox 1786 2329 1892 2386; x_wconf 71' lang='lat' dir='ltr'><strong>organo</strong></span> 
     </span>
     <span class='ocr_line' id='line_1_34' title="bbox 1098 2398 1890 2473; baseline 0.005 -18"><span class='ocrx_word' id='word_1_330' title='bbox 1098 2400 1360 2471; x_wconf 75' lang='lat' dir='ltr'><strong>rodsexprlndtur.</strong></span> <span class='ocrx_word' id='word_1_331' title='bbox 1384 2398 1558 2473; x_wconf 77' lang='lat' dir='ltr'><strong>Quapropter</strong></span> <span class='ocrx_word' id='word_1_332' title='bbox 1574 2400 1650 2468; x_wconf 90' lang='lat' dir='ltr'><strong>illud,</strong></span> <span class='ocrx_word' id='word_1_333' title='bbox 1675 2403 1739 2472; x_wconf 77' lang='lat' dir='ltr'><strong>qnia</strong></span> <span class='ocrx_word' id='word_1_334' title='bbox 1764 2404 1890 2460; x_wconf 85' lang='lat' dir='ltr'><strong>manibus</strong></span> 
     </span>
     <span class='ocr_line' id='line_1_35' title="bbox 1099 2490 1891 2567; baseline 0.005 -19"><span class='ocrx_word' id='word_1_335' title='bbox 1099 2491 1213 2562; x_wconf 71' lang='lat' dir='ltr'><strong>indiget,</strong></span> <span class='ocrx_word' id='word_1_336' title='bbox 1235 2490 1423 2561; x_wconf 71' lang='lat' dir='ltr'><strong>operationem</strong></span> <span class='ocrx_word' id='word_1_337' title='bbox 1442 2507 1475 2548; x_wconf 89' lang='lat' dir='ltr'><strong>ae</strong></span> <span class='ocrx_word' id='word_1_338' title='bbox 1499 2505 1550 2567; x_wconf 84' lang='lat' dir='ltr'><strong>per</strong></span> <span class='ocrx_word' id='word_1_339' title='bbox 1576 2491 1628 2549; x_wconf 82' lang='lat' dir='ltr'><strong>boo</strong></span> <span class='ocrx_word' id='word_1_340' title='bbox 1641 2493 1758 2549; x_wconf 79' lang='lat' dir='ltr'><strong>andnam</strong></span> <span class='ocrx_word' id='word_1_341' title='bbox 1780 2492 1891 2552; x_wconf 77' lang='lat' dir='ltr'><strong>dmotat</strong></span> 
     </span>
     <span class='ocr_line' id='line_1_36' title="bbox 1098 2580 1892 2653; baseline 0.006 -17"><span class='ocrx_word' id='word_1_342' title='bbox 1098 2581 1200 2647; x_wconf 79' lang='lat' dir='ltr'><strong>ritam3</strong></span> <span class='ocrx_word' id='word_1_343' title='bbox 1215 2580 1290 2637; x_wconf 87' lang='lat' dir='ltr'><strong>istud</strong></span> <span class='ocrx_word' id='word_1_344' title='bbox 1303 2595 1368 2636; x_wconf 87' lang='lat' dir='ltr'><strong>rero</strong></span> <span class='ocrx_word' id='word_1_345' title='bbox 1383 2580 1446 2650; x_wconf 86' lang='lat' dir='ltr'><strong>quia</strong></span> <span class='ocrx_word' id='word_1_346' title='bbox 1458 2580 1616 2651; x_wconf 80' lang='lat' dir='ltr'><strong>adiubilnm</strong></span> <span class='ocrx_word' id='word_1_347' title='bbox 1627 2584 1756 2653; x_wconf 83' lang='lat' dir='ltr'><strong>pertinet,</strong></span> <span class='ocrx_word' id='word_1_348' title='bbox 1768 2595 1892 2641; x_wconf 86' lang='lat' dir='ltr'><strong>contem·</strong></span> 
     </span>
     <span class='ocr_line' id='line_1_37' title="bbox 1099 2668 1891 2746; baseline 0.01 -22"><span class='ocrx_word' id='word_1_349' title='bbox 1099 2671 1240 2743; x_wconf 82' lang='lat' dir='ltr'><strong>plntiram.</strong></span> <span class='ocrx_word' id='word_1_350' title='bbox 1267 2668 1303 2724; x_wconf 82' lang='lat' dir='ltr'><strong>lit</strong></span> <span class='ocrx_word' id='word_1_351' title='bbox 1321 2670 1450 2739; x_wconf 73' lang='lat' dir='ltr'><strong>eumdum</strong></span> <span class='ocrx_word' id='word_1_352' title='bbox 1461 2671 1684 2742; x_wconf 79' lang='lat' dir='ltr'><strong>contemplationi</strong></span> <span class='ocrx_word' id='word_1_353' title='bbox 1697 2674 1848 2746; x_wconf 85' lang='lat' dir='ltr'><strong>paulisper,</strong></span> <span class='ocrx_word' id='word_1_354' title='bbox 1862 2684 1891 2733; x_wconf 83' lang='lat' dir='ltr'><strong>et</strong></span> 
     </span>
     <span class='ocr_line' id='line_1_38' title="bbox 1099 2760 1891 2835; baseline 0.001 -19"><span class='ocrx_word' id='word_1_355' title='bbox 1099 2761 1201 2832; x_wconf 89' lang='lat' dir='ltr'><strong>ruptim</strong></span> <span class='ocrx_word' id='word_1_356' title='bbox 1221 2760 1266 2815; x_wconf 88' lang='lat' dir='ltr'><strong>rix</strong></span> <span class='ocrx_word' id='word_1_357' title='bbox 1279 2760 1314 2816; x_wconf 89' lang='lat' dir='ltr'><strong>ad</strong></span> <span class='ocrx_word' id='word_1_358' title='bbox 1325 2770 1493 2817; x_wconf 87' lang='lat' dir='ltr'><strong>momentum</strong></span> <span class='ocrx_word' id='word_1_359' title='bbox 1510 2762 1636 2818; x_wconf 80' lang='lat' dir='ltr'><strong>insistere</strong></span> <span class='ocrx_word' id='word_1_360' title='bbox 1648 2763 1891 2835; x_wconf 57' lang='lat' dir='ltr'><strong>pessumus,1ngi0</strong></span> 
     </span>
     <span class='ocr_line' id='line_1_39' title="bbox 1100 2851 1893 2914; baseline 0.01 -8"><span class='ocrx_word' id='word_1_361' title='bbox 1100 2859 1143 2907; x_wconf 87' lang='lat' dir='ltr'><strong>ter</strong></span> <span class='ocrx_word' id='word_1_362' title='bbox 1155 2859 1246 2907; x_wconf 84' lang='lat' dir='ltr'><strong>atatem</strong></span> <span class='ocrx_word' id='word_1_363' title='bbox 1260 2852 1287 2906; x_wconf 90' lang='lat' dir='ltr'><strong>in</strong></span> <span class='ocrx_word' id='word_1_364' title='bbox 1305 2851 1401 2908; x_wconf 87' lang='lat' dir='ltr'><strong>aetirar</strong></span> <span class='ocrx_word' id='word_1_365' title='bbox 1413 2854 1630 2910; x_wconf 80' lang='lat' dir='ltr'><strong>conversationis</strong></span> <span class='ocrx_word' id='word_1_366' title='bbox 1651 2856 1893 2914; x_wconf 69' lang='lat' dir='ltr'><strong>administratione</strong></span> 
     </span>
     <span class='ocr_line' id='line_1_40' title="bbox 1099 2940 1893 3014; baseline 0.014 -20"><span class='ocrx_word' id='word_1_367' title='bbox 1099 2956 1256 3007; x_wconf 63' lang='lat' dir='ltr'><strong>versunum</strong></span> <span class='ocrx_word' id='word_1_368' title='bbox 1266 2940 1326 3011; x_wconf 85' lang='lat' dir='ltr'><strong>jure</strong></span> <span class='ocrx_word' id='word_1_369' title='bbox 1335 2941 1460 3012; x_wconf 92' lang='lat' dir='ltr'><strong>pluribus</strong></span> <span class='ocrx_word' id='word_1_370' title='bbox 1472 2944 1594 3014; x_wconf 89' lang='lat' dir='ltr'><strong>psalmis,</strong></span> <span class='ocrx_word' id='word_1_371' title='bbox 1610 2940 1694 3000; x_wconf 80' lang='lat' dir='ltr'><strong>unum</strong></span> <span class='ocrx_word' id='word_1_372' title='bbox 1707 2949 1893 3005; x_wconf 85' lang='lat' dir='ltr'><strong>tantummodo</strong></span> 
     </span>
     <span class='ocr_line' id='line_1_41' title="bbox 1100 3031 1892 3108; baseline 0.008 -21"><span class='ocrx_word' id='word_1_373' title='bbox 1100 3031 1236 3087; x_wconf 87' lang='lat' dir='ltr'><strong>canticum</strong></span> <span class='ocrx_word' id='word_1_374' title='bbox 1257 3032 1464 3103; x_wconf 87' lang='lat' dir='ltr'><strong>interponimus.</strong></span> <span class='ocrx_word' id='word_1_375' title='bbox 1494 3033 1572 3090; x_wconf 86' lang='lat' dir='ltr'><strong>Sicut</strong></span> <span class='ocrx_word' id='word_1_376' title='bbox 1594 3036 1704 3090; x_wconf 86' lang='lat' dir='ltr'><strong>enirna</strong></span> <span class='ocrx_word' id='word_1_377' title='bbox 1730 3038 1781 3108; x_wconf 78' lang='lat' dir='ltr'><strong>pie</strong></span> <span class='ocrx_word' id='word_1_378' title='bbox 1794 3052 1892 3108; x_wconf 84' lang='lat' dir='ltr'><strong>opera·</strong></span> 
     </span>
     <span class='ocr_line' id='line_1_42' title="bbox 1101 3122 1893 3196; baseline 0.006 -17"><span class='ocrx_word' id='word_1_379' title='bbox 1101 3122 1184 3179; x_wconf 88' lang='lat' dir='ltr'><strong>tionis</strong></span> <span class='ocrx_word' id='word_1_380' title='bbox 1196 3124 1325 3179; x_wconf 75' lang='lat' dir='ltr'><strong>esuritio</strong></span> <span class='ocrx_word' id='word_1_381' title='bbox 1336 3125 1370 3179; x_wconf 91' lang='lat' dir='ltr'><strong>ad</strong></span> <span class='ocrx_word' id='word_1_382' title='bbox 1389 3125 1627 3196; x_wconf 79' lang='lat' dir='ltr'><strong>contemplationis</strong></span> <span class='ocrx_word' id='word_1_383' title='bbox 1642 3126 1747 3182; x_wconf 89' lang='lat' dir='ltr'><strong>culmen</strong></span> <span class='ocrx_word' id='word_1_384' title='bbox 1768 3129 1893 3184; x_wconf 87' lang='lat' dir='ltr'><strong>ascendi·</strong></span> 
     </span>
    </p>
   </div>
   <div class='ocr_carea' id='block_1_9' title="bbox 1100 3216 1890 3285">
    <p class='ocr_par' dir='ltr' id='par_1_9' title="bbox 1100 3216 1890 3285">
     <span class='ocr_line' id='line_1_43' title="bbox 1100 3216 1890 3285; baseline 0.008 -16"><span class='ocrx_word' id='word_1_385' title='bbox 1100 3229 1172 3279; x_wconf 87' lang='lat' dir='ltr'><strong>mus,</strong></span> <span class='ocrx_word' id='word_1_386' title='bbox 1196 3224 1233 3279; x_wconf 84' lang='lat' dir='ltr'><strong>ot,</strong></span> <span class='ocrx_word' id='word_1_387' title='bbox 1260 3225 1323 3285; x_wconf 85' lang='lat' dir='ltr'><strong>post</strong></span> <span class='ocrx_word' id='word_1_388' title='bbox 1347 3216 1540 3285; x_wconf 76' lang='lat' dir='ltr'><strong>speculationis</strong></span> <span class='ocrx_word' id='word_1_389' title='bbox 1570 3217 1673 3273; x_wconf 73' lang='lat' dir='ltr'><strong>intimus</strong></span> <span class='ocrx_word' id='word_1_390' title='bbox 1698 3218 1890 3275; x_wconf 83' lang='lat' dir='ltr'><strong>brevissimum</strong></span> 
     </span>
    </p>
   </div>
   <div class='ocr_carea' id='block_1_10' title="bbox 255 3304 1891 3381">
    <p class='ocr_par' dir='ltr' id='par_1_10' title="bbox 255 3304 1891 3381">
     <span class='ocr_line' id='line_1_44' title="bbox 255 3304 1891 3381; baseline 0.001 -16"><span class='ocrx_word' id='word_1_391' title='bbox 255 3312 335 3365; x_wconf 85' lang='lat' dir='ltr'><strong>diana</strong></span> <span class='ocrx_word' id='word_1_392' title='bbox 350 3325 459 3381; x_wconf 88' lang='lat' dir='ltr'><strong>semper</strong></span> <span class='ocrx_word' id='word_1_393' title='bbox 468 3310 675 3366; x_wconf 84' lang='lat' dir='ltr'><strong>corrrcrsatione</strong></span> <span class='ocrx_word' id='word_1_394' title='bbox 687 3309 880 3381; x_wconf 83' lang='lat' dir='ltr'><strong>delinquimus,</strong></span> <span class='ocrx_word' id='word_1_395' title='bbox 894 3318 975 3379; x_wconf 84' lang='lat' dir='ltr'><strong>atque</strong></span> <span class='ocrx_word' id='word_1_396' title='bbox 990 3308 1051 3364; x_wconf 91' lang='lat' dir='ltr'><strong>ideo</strong></span> <span class='ocrx_word' id='word_1_397' title='bbox 1064 3304 1088 3369; x_wconf 77' lang='lat' dir='ltr'>C</span> <span class='ocrx_word' id='word_1_398' title='bbox 1102 3315 1242 3377; x_wconf 88' lang='lat' dir='ltr'><strong>punctum,</strong></span> <span class='ocrx_word' id='word_1_399' title='bbox 1258 3322 1320 3362; x_wconf 85' lang='lat' dir='ltr'><strong>mor</strong></span> <span class='ocrx_word' id='word_1_400' title='bbox 1334 3309 1368 3363; x_wconf 89' lang='lat' dir='ltr'><strong>ad</strong></span> <span class='ocrx_word' id='word_1_401' title='bbox 1383 3307 1504 3377; x_wconf 82' lang='lat' dir='ltr'><strong>ejusdem</strong></span> <span class='ocrx_word' id='word_1_402' title='bbox 1526 3309 1622 3365; x_wconf 75' lang='lat' dir='ltr'><strong>active</strong></span> <span class='ocrx_word' id='word_1_403' title='bbox 1634 3310 1696 3365; x_wconf 81' lang='lat' dir='ltr'><strong>ritae</strong></span> <span class='ocrx_word' id='word_1_404' title='bbox 1709 3311 1891 3367; x_wconf 88' lang='lat' dir='ltr'><strong>ministerium</strong></span> 
     </span>
    </p>
   </div>
   <div class='ocr_carea' id='block_1_11' title="bbox 256 3399 1894 3747">
    <p class='ocr_par' dir='ltr' id='par_1_11' title="bbox 256 3399 1894 3747">
     <span class='ocr_line' id='line_1_45' title="bbox 256 3399 1893 3471; baseline 0.001 -16"><span class='ocrx_word' id='word_1_405' title='bbox 256 3409 352 3456; x_wconf 83' lang='lat' dir='ltr'><strong>centra</strong></span> <span class='ocrx_word' id='word_1_406' title='bbox 365 3400 470 3470; x_wconf 83' lang='lat' dir='ltr'><strong>pcccati</strong></span> <span class='ocrx_word' id='word_1_407' title='bbox 485 3400 597 3455; x_wconf 83' lang='lat' dir='ltr'><strong>vulnera</strong></span> <span class='ocrx_word' id='word_1_408' title='bbox 610 3399 773 3470; x_wconf 75' lang='lat' dir='ltr'><strong>quotidianae</strong></span> <span class='ocrx_word' id='word_1_409' title='bbox 788 3399 937 3454; x_wconf 81' lang='lat' dir='ltr'><strong>curationis</strong></span> <span class='ocrx_word' id='word_1_410' title='bbox 955 3412 1051 3454; x_wconf 88' lang='lat' dir='ltr'><strong>neces-</strong></span> <span class='ocrx_word' id='word_1_411' title='bbox 1102 3399 1286 3465; x_wconf 86' lang='lat' dir='ltr'><strong>deelinanrus;</strong></span> <span class='ocrx_word' id='word_1_412' title='bbox 1314 3400 1442 3455; x_wconf 90' lang='lat' dir='ltr'><strong>nimirum</strong></span> <span class='ocrx_word' id='word_1_413' title='bbox 1457 3408 1488 3455; x_wconf 92' lang='lat' dir='ltr'><strong>nt</strong></span> <span class='ocrx_word' id='word_1_414' title='bbox 1499 3400 1691 3471; x_wconf 85' lang='lat' dir='ltr'><strong>contemplatio</strong></span> <span class='ocrx_word' id='word_1_415' title='bbox 1712 3409 1805 3457; x_wconf 86' lang='lat' dir='ltr'><strong>nostra</strong></span> <span class='ocrx_word' id='word_1_416' title='bbox 1818 3411 1846 3457; x_wconf 90' lang='lat' dir='ltr'><strong>et</strong></span> <span class='ocrx_word' id='word_1_417' title='bbox 1857 3401 1893 3457; x_wconf 86' lang='lat' dir='ltr'><strong>ab</strong></span> 
     </span>
     <span class='ocr_line' id='line_1_46' title="bbox 256 3487 1893 3564; baseline 0.002 -19"><span class='ocrx_word' id='word_1_418' title='bbox 256 3489 329 3549; x_wconf 76' lang='lat' dir='ltr'><strong>sario</strong></span> <span class='ocrx_word' id='word_1_419' title='bbox 343 3489 470 3545; x_wconf 87' lang='lat' dir='ltr'><strong>remediis</strong></span> <span class='ocrx_word' id='word_1_420' title='bbox 484 3491 644 3561; x_wconf 82' lang='lat' dir='ltr'><strong>indigemus.</strong></span> <span class='ocrx_word' id='word_1_421' title='bbox 662 3490 737 3546; x_wconf 91' lang='lat' dir='ltr'><strong>Unde</strong></span> <span class='ocrx_word' id='word_1_422' title='bbox 751 3490 958 3560; x_wconf 86' lang='lat' dir='ltr'><strong>scriptumest:</strong></span> <span class='ocrx_word' id='word_1_423' title='bbox 976 3506 985 3540; x_wconf 91' lang='grc' dir='ltr'>ι</span> <span class='ocrx_word' id='word_1_424' title='bbox 1001 3487 1053 3544; x_wconf 85' lang='lat' dir='ltr'><strong>Se·</strong></span> <span class='ocrx_word' id='word_1_425' title='bbox 1101 3494 1191 3550; x_wconf 80' lang='lat' dir='ltr'><strong>setius</strong></span> <span class='ocrx_word' id='word_1_426' title='bbox 1203 3493 1259 3549; x_wconf 86' lang='lat' dir='ltr'><strong>rita</strong></span> <span class='ocrx_word' id='word_1_427' title='bbox 1279 3494 1403 3564; x_wconf 88' lang='lat' dir='ltr'><strong>incipiat,</strong></span> <span class='ocrx_word' id='word_1_428' title='bbox 1414 3502 1442 3548; x_wconf 90' lang='lat' dir='ltr'><strong>et</strong></span> <span class='ocrx_word' id='word_1_429' title='bbox 1454 3493 1480 3549; x_wconf 92' lang='lat' dir='ltr'><strong>in</strong></span> <span class='ocrx_word' id='word_1_430' title='bbox 1491 3493 1586 3549; x_wconf 88' lang='lat' dir='ltr'><strong>eadem</strong></span> <span class='ocrx_word' id='word_1_431' title='bbox 1597 3494 1752 3550; x_wconf 84' lang='lat' dir='ltr'><strong>necessario</strong></span> <span class='ocrx_word' id='word_1_432' title='bbox 1762 3492 1893 3550; x_wconf 83' lang='lat' dir='ltr'><strong>termine·</strong></span> 
     </span>
     <span class='ocr_line' id='line_1_47' title="bbox 257 3582 1893 3656; baseline 0.002 -20"><span class='ocrx_word' id='word_1_433' title='bbox 257 3583 361 3653; x_wconf 90' lang='lat' dir='ltr'><strong>ptiesin</strong></span> <span class='ocrx_word' id='word_1_434' title='bbox 372 3583 416 3638; x_wconf 93' lang='lat' dir='ltr'><strong>die</strong></span> <span class='ocrx_word' id='word_1_435' title='bbox 427 3582 961 3656; x_wconf 62' lang='lat' dir='ltr'><strong>caditjustus,etresurgitffrouasrrl.</strong></span> <span class='ocrx_word' id='word_1_436' title='bbox 976 3603 985 3637; x_wconf 88' lang='lat' dir='ltr'><strong>t</strong></span> <span class='ocrx_word' id='word_1_437' title='bbox 999 3583 1050 3652; x_wconf 85' lang='lat' dir='ltr'><strong>Qui</strong></span> <span class='ocrx_word' id='word_1_438' title='bbox 1103 3593 1163 3650; x_wconf 92' lang='lat' dir='ltr'><strong>tur;</strong></span> <span class='ocrx_word' id='word_1_439' title='bbox 1180 3585 1221 3639; x_wconf 90' lang='lat' dir='ltr'><strong>sic</strong></span> <span class='ocrx_word' id='word_1_440' title='bbox 1233 3584 1345 3655; x_wconf 85' lang='lat' dir='ltr'><strong>psalmis</strong></span> <span class='ocrx_word' id='word_1_441' title='bbox 1355 3584 1493 3639; x_wconf 88' lang='lat' dir='ltr'><strong>canticum</strong></span> <span class='ocrx_word' id='word_1_442' title='bbox 1504 3598 1554 3639; x_wconf 88' lang='lat' dir='ltr'><strong>uec</strong></span> <span class='ocrx_word' id='word_1_443' title='bbox 1568 3584 1760 3655; x_wconf 78' lang='lat' dir='ltr'><strong>preponimus,</strong></span> <span class='ocrx_word' id='word_1_444' title='bbox 1772 3598 1823 3641; x_wconf 90' lang='lat' dir='ltr'><strong>nee</strong></span> <span class='ocrx_word' id='word_1_445' title='bbox 1834 3598 1893 3640; x_wconf 87' lang='lat' dir='ltr'><strong>nm·</strong></span> 
     </span>
     <span class='ocr_line' id='line_1_48' title="bbox 258 3673 1894 3747; baseline 0.002 -20"><span class='ocrx_word' id='word_1_446' title='bbox 258 3673 387 3728; x_wconf 90' lang='lat' dir='ltr'><strong>nimirum</strong></span> <span class='ocrx_word' id='word_1_447' title='bbox 402 3682 429 3728; x_wconf 91' lang='lat' dir='ltr'><strong>et</strong></span> <span class='ocrx_word' id='word_1_448' title='bbox 443 3676 542 3745; x_wconf 85' lang='lat' dir='ltr'><strong>septies</strong></span> <span class='ocrx_word' id='word_1_449' title='bbox 557 3675 668 3740; x_wconf 88' lang='lat' dir='ltr'><strong>cadere,</strong></span> <span class='ocrx_word' id='word_1_450' title='bbox 682 3685 709 3730; x_wconf 89' lang='lat' dir='ltr'><strong>et</strong></span> <span class='ocrx_word' id='word_1_451' title='bbox 723 3686 813 3730; x_wconf 84' lang='lat' dir='ltr'><strong>umen</strong></span> <span class='ocrx_word' id='word_1_452' title='bbox 827 3675 917 3746; x_wconf 82' lang='lat' dir='ltr'><strong>justus</strong></span> <span class='ocrx_word' id='word_1_453' title='bbox 931 3689 991 3731; x_wconf 87' lang='lat' dir='ltr'><strong>esse</strong></span> <span class='ocrx_word' id='word_1_454' title='bbox 1004 3674 1053 3729; x_wconf 92' lang='lat' dir='ltr'><strong>de-</strong></span> <span class='ocrx_word' id='word_1_455' title='bbox 1101 3674 1167 3730; x_wconf 91' lang='lat' dir='ltr'><strong>nino</strong></span> <span class='ocrx_word' id='word_1_456' title='bbox 1181 3675 1372 3744; x_wconf 79' lang='lat' dir='ltr'><strong>supponimns3</strong></span> <span class='ocrx_word' id='word_1_457' title='bbox 1384 3674 1432 3729; x_wconf 87' lang='lat' dir='ltr'><strong>sed</strong></span> <span class='ocrx_word' id='word_1_458' title='bbox 1444 3674 1607 3730; x_wconf 89' lang='lat' dir='ltr'><strong>altrinsecus</strong></span> <span class='ocrx_word' id='word_1_459' title='bbox 1618 3675 1714 3745; x_wconf 90' lang='lat' dir='ltr'><strong>positis</strong></span> <span class='ocrx_word' id='word_1_460' title='bbox 1724 3674 1776 3730; x_wconf 89' lang='lat' dir='ltr'><strong>boc</strong></span> <span class='ocrx_word' id='word_1_461' title='bbox 1786 3690 1894 3747; x_wconf 87' lang='lat' dir='ltr'><strong>semper</strong></span> 
     </span>
    </p>
   </div>
   <div class='ocr_carea' id='block_1_12' title="bbox 256 3764 1053 4379">
    <p class='ocr_par' dir='ltr' id='par_1_12' title="bbox 256 3764 1052 4019">
     <span class='ocr_line' id='line_1_49' title="bbox 257 3764 1051 3838; baseline 0.008 -20"><span class='ocrx_word' id='word_1_462' title='bbox 257 3764 408 3821; x_wconf 89' lang='lat' dir='ltr'><strong>scribitur:</strong></span> <span class='ocrx_word' id='word_1_463' title='bbox 424 3767 488 3836; x_wconf 88' lang='lat' dir='ltr'><strong>quia</strong></span> <span class='ocrx_word' id='word_1_464' title='bbox 503 3765 590 3836; x_wconf 79' lang='lat' dir='ltr'><strong>iustus</strong></span> <span class='ocrx_word' id='word_1_465' title='bbox 608 3782 670 3822; x_wconf 89' lang='lat' dir='ltr'><strong>csse</strong></span> <span class='ocrx_word' id='word_1_466' title='bbox 688 3768 771 3823; x_wconf 89' lang='lat' dir='ltr'><strong>etiam</strong></span> <span class='ocrx_word' id='word_1_467' title='bbox 785 3767 922 3838; x_wconf 87' lang='lat' dir='ltr'><strong>peccando</strong></span> <span class='ocrx_word' id='word_1_468' title='bbox 936 3782 990 3823; x_wconf 91' lang='lat' dir='ltr'><strong>non</strong></span> <span class='ocrx_word' id='word_1_469' title='bbox 1002 3768 1051 3823; x_wconf 93' lang='lat' dir='ltr'><strong>de·</strong></span> 
     </span>
     <span class='ocr_line' id='line_1_50' title="bbox 257 3854 1052 3930; baseline 0.006 -21"><span class='ocrx_word' id='word_1_470' title='bbox 257 3854 338 3920; x_wconf 90' lang='lat' dir='ltr'><strong>sinit,</strong></span> <span class='ocrx_word' id='word_1_471' title='bbox 363 3857 427 3911; x_wconf 92' lang='lat' dir='ltr'><strong>dum</strong></span> <span class='ocrx_word' id='word_1_472' title='bbox 453 3873 506 3914; x_wconf 90' lang='lat' dir='ltr'><strong>nou</strong></span> <span class='ocrx_word' id='word_1_473' title='bbox 530 3874 564 3913; x_wconf 84' lang='lat' dir='ltr'><strong>ex</strong></span> <span class='ocrx_word' id='word_1_474' title='bbox 586 3859 854 3930; x_wconf 82' lang='lat' dir='ltr'><strong>proposito,sede1</strong></span> <span class='ocrx_word' id='word_1_475' title='bbox 877 3858 1052 3914; x_wconf 80' lang='lat' dir='ltr'><strong>humanitatis</strong></span> 
     </span>
     <span class='ocr_line' id='line_1_51' title="bbox 256 3946 562 4019; baseline 0.013 -18"><span class='ocrx_word' id='word_1_476' title='bbox 256 3946 403 4019; x_wconf 73' lang='lat' dir='ltr'><strong>fragilitate</strong></span> <span class='ocrx_word' id='word_1_477' title='bbox 420 3947 562 4019; x_wconf 85' lang='lat' dir='ltr'><strong>delinquit.</strong></span> 
     </span>
    </p>

    <p class='ocr_par' dir='ltr' id='par_1_13' title="bbox 256 4037 1053 4379">
     <span class='ocr_line' id='line_1_52' title="bbox 292 4037 1053 4112; baseline 0.003 -19"><span class='ocrx_word' id='word_1_478' title='bbox 292 4037 407 4110; x_wconf 89' lang='lat' dir='ltr'><strong>Propter</strong></span> <span class='ocrx_word' id='word_1_479' title='bbox 425 4041 484 4096; x_wconf 82' lang='lat' dir='ltr'><strong>hate</strong></span> <span class='ocrx_word' id='word_1_480' title='bbox 505 4040 587 4111; x_wconf 80' lang='lat' dir='ltr'><strong>igitur</strong></span> <span class='ocrx_word' id='word_1_481' title='bbox 599 4048 703 4110; x_wconf 87' lang='lat' dir='ltr'><strong>septem</strong></span> <span class='ocrx_word' id='word_1_482' title='bbox 728 4040 809 4104; x_wconf 81' lang='lat' dir='ltr'><strong>lenia,</strong></span> <span class='ocrx_word' id='word_1_483' title='bbox 830 4054 968 4112; x_wconf 78' lang='lat' dir='ltr'><strong>parvaque</strong></span> <span class='ocrx_word' id='word_1_484' title='bbox 988 4054 1053 4111; x_wconf 89' lang='lat' dir='ltr'><strong>pec-</strong></span> 
     </span>
     <span class='ocr_line' id='line_1_53' title="bbox 256 4130 1053 4203; baseline 0.003 -18"><span class='ocrx_word' id='word_1_485' title='bbox 256 4136 332 4195; x_wconf 88' lang='lat' dir='ltr'><strong>cata,</strong></span> <span class='ocrx_word' id='word_1_486' title='bbox 346 4144 475 4201; x_wconf 76' lang='lat' dir='ltr'><strong>quaprn</strong></span> <span class='ocrx_word' id='word_1_487' title='bbox 494 4130 647 4203; x_wconf 81' lang='lat' dir='ltr'><strong>lragilitatis</strong></span> <span class='ocrx_word' id='word_1_488' title='bbox 660 4132 785 4187; x_wconf 78' lang='lat' dir='ltr'><strong>humane</strong></span> <span class='ocrx_word' id='word_1_489' title='bbox 798 4131 938 4187; x_wconf 87' lang='lat' dir='ltr'><strong>debilitate</strong></span> <span class='ocrx_word' id='word_1_490' title='bbox 955 4146 1053 4187; x_wconf 88' lang='lat' dir='ltr'><strong>carere</strong></span> 
     </span>
     <span class='ocr_line' id='line_1_54' title="bbox 257 4221 1052 4293; baseline 0.004 -19"><span class='ocrx_word' id='word_1_491' title='bbox 257 4235 311 4275; x_wconf 90' lang='lat' dir='ltr'><strong>non</strong></span> <span class='ocrx_word' id='word_1_492' title='bbox 330 4235 484 4289; x_wconf 86' lang='lat' dir='ltr'><strong>possumus,</strong></span> <span class='ocrx_word' id='word_1_493' title='bbox 498 4222 551 4277; x_wconf 84' lang='lat' dir='ltr'><strong>lroc</strong></span> <span class='ocrx_word' id='word_1_494' title='bbox 570 4236 604 4277; x_wconf 83' lang='lat' dir='ltr'><strong>ex</strong></span> <span class='ocrx_word' id='word_1_495' title='bbox 626 4222 781 4293; x_wconf 79' lang='lat' dir='ltr'><strong>magisterio</strong></span> <span class='ocrx_word' id='word_1_496' title='bbox 801 4221 919 4292; x_wconf 82' lang='lat' dir='ltr'><strong>Spiritus</strong></span> <span class='ocrx_word' id='word_1_497' title='bbox 932 4223 1052 4278; x_wconf 85' lang='lat' dir='ltr'><strong>sanctia</strong></span> 
     </span>
     <span class='ocr_line' id='line_1_55' title="bbox 257 4311 1052 4379; baseline 0.009 -16"><span class='ocrx_word' id='word_1_498' title='bbox 257 4311 309 4379; x_wconf 90' lang='lat' dir='ltr'><strong>piis</strong></span> <span class='ocrx_word' id='word_1_499' title='bbox 324 4311 451 4368; x_wconf 71' lang='lat' dir='ltr'><strong>Ecclesia</strong></span> <span class='ocrx_word' id='word_1_500' title='bbox 463 4314 620 4368; x_wconf 85' lang='lat' dir='ltr'><strong>doctoribus</strong></span> <span class='ocrx_word' id='word_1_501' title='bbox 639 4315 794 4369; x_wconf 88' lang='lat' dir='ltr'><strong>institutum</strong></span> <span class='ocrx_word' id='word_1_502' title='bbox 812 4324 865 4379; x_wconf 88' lang='lat' dir='ltr'><strong>est,</strong></span> <span class='ocrx_word' id='word_1_503' title='bbox 881 4323 910 4369; x_wconf 87' lang='lat' dir='ltr'><strong>nt</strong></span> <span class='ocrx_word' id='word_1_504' title='bbox 926 4322 988 4370; x_wconf 85' lang='lat' dir='ltr'><strong>rota</strong></span> <span class='ocrx_word' id='word_1_505' title='bbox 1003 4331 1052 4370; x_wconf 87' lang='lat' dir='ltr'><strong>na-</strong></span> 
     </span>
    </p>
   </div>
   <div class='ocr_carea' id='block_1_13' title="bbox 1101 3762 1894 4382">
    <p class='ocr_par' dir='ltr' id='par_1_14' title="bbox 1101 3762 1466 3834">
     <span class='ocr_line' id='line_1_56' title="bbox 1101 3762 1466 3834; baseline 0 -17"><span class='ocrx_word' id='word_1_506' title='bbox 1101 3762 1277 3834; x_wconf 89' lang='lat' dir='ltr'><strong>peunltbnmu</strong></span> <span class='ocrx_word' id='word_1_507' title='bbox 1292 3762 1466 3819; x_wconf 87' lang='lat' dir='ltr'><strong>collocamus.</strong></span> 
     </span>
    </p>

    <p class='ocr_par' dir='ltr' id='par_1_15' title="bbox 1101 3852 1894 4382">
     <span class='ocr_line' id='line_1_57' title="bbox 1136 3852 1893 3925; baseline 0.005 -18"><span class='ocrx_word' id='word_1_508' title='bbox 1136 3852 1223 3908; x_wconf 82' lang='lat' dir='ltr'><strong>Porro</strong></span> <span class='ocrx_word' id='word_1_509' title='bbox 1249 3862 1339 3908; x_wconf 88' lang='lat' dir='ltr'><strong>autem</strong></span> <span class='ocrx_word' id='word_1_510' title='bbox 1356 3854 1418 3923; x_wconf 85' lang='lat' dir='ltr'><strong>quia</strong></span> <span class='ocrx_word' id='word_1_511' title='bbox 1443 3869 1494 3924; x_wconf 89' lang='lat' dir='ltr'><strong>per</strong></span> <span class='ocrx_word' id='word_1_512' title='bbox 1520 3862 1637 3925; x_wconf 66' lang='lat' dir='ltr'><strong>mutuor</strong></span> <span class='ocrx_word' id='word_1_513' title='bbox 1662 3855 1744 3911; x_wconf 89' lang='lat' dir='ltr'><strong>totius</strong></span> <span class='ocrx_word' id='word_1_514' title='bbox 1768 3853 1893 3911; x_wconf 79' lang='lat' dir='ltr'><strong>videlieet</strong></span> 
     </span>
     <span class='ocr_line' id='line_1_58' title="bbox 1103 3944 1893 4016; baseline 0.003 -18"><span class='ocrx_word' id='word_1_515' title='bbox 1103 3944 1167 3999; x_wconf 91' lang='lat' dir='ltr'><strong>anni</strong></span> <span class='ocrx_word' id='word_1_516' title='bbox 1185 3952 1317 4014; x_wconf 85' lang='lat' dir='ltr'><strong>tempora.</strong></span> <span class='ocrx_word' id='word_1_517' title='bbox 1334 3959 1434 4014; x_wconf 86' lang='lat' dir='ltr'><strong>eorpus</strong></span> <span class='ocrx_word' id='word_1_518' title='bbox 1447 3956 1568 4001; x_wconf 83' lang='lat' dir='ltr'><strong>nostrum</strong></span> <span class='ocrx_word' id='word_1_519' title='bbox 1582 3961 1615 4001; x_wconf 87' lang='lat' dir='ltr'><strong>ex</strong></span> <span class='ocrx_word' id='word_1_520' title='bbox 1630 3957 1748 4016; x_wconf 81' lang='lat' dir='ltr'><strong>quatuor</strong></span> <span class='ocrx_word' id='word_1_521' title='bbox 1759 3946 1893 4001; x_wconf 82' lang='lat' dir='ltr'><strong>nibilomi-</strong></span> 
     </span>
     <span class='ocr_line' id='line_1_59' title="bbox 1101 4034 1894 4106; baseline 0.003 -17"><span class='ocrx_word' id='word_1_522' title='bbox 1101 4049 1154 4090; x_wconf 89' lang='lat' dir='ltr'><strong>nus</strong></span> <span class='ocrx_word' id='word_1_523' title='bbox 1176 4035 1358 4106; x_wconf 85' lang='lat' dir='ltr'><strong>compusitum</strong></span> <span class='ocrx_word' id='word_1_524' title='bbox 1377 4034 1535 4102; x_wconf 89' lang='lat' dir='ltr'><strong>elementis,</strong></span> <span class='ocrx_word' id='word_1_525' title='bbox 1556 4036 1672 4092; x_wconf 89' lang='lat' dir='ltr'><strong>aetionis</strong></span> <span class='ocrx_word' id='word_1_526' title='bbox 1686 4036 1818 4093; x_wconf 80' lang='lat' dir='ltr'><strong>exercitio</strong></span> <span class='ocrx_word' id='word_1_527' title='bbox 1832 4034 1894 4091; x_wconf 79' lang='lat' dir='ltr'><strong>iati-</strong></span> 
     </span>
     <span class='ocr_line' id='line_1_60' title="bbox 1102 4128 1892 4199; baseline 0.003 -17"><span class='ocrx_word' id='word_1_528' title='bbox 1102 4142 1207 4198; x_wconf 74' lang='lat' dir='ltr'><strong>gamus,</strong></span> <span class='ocrx_word' id='word_1_529' title='bbox 1225 4128 1328 4183; x_wconf 86' lang='lat' dir='ltr'><strong>idcireo</strong></span> <span class='ocrx_word' id='word_1_530' title='bbox 1344 4136 1463 4198; x_wconf 80' lang='lat' dir='ltr'><strong>quatuor</strong></span> <span class='ocrx_word' id='word_1_531' title='bbox 1478 4130 1598 4199; x_wconf 89' lang='lat' dir='ltr'><strong>psalmos</strong></span> <span class='ocrx_word' id='word_1_532' title='bbox 1613 4128 1732 4199; x_wconf 77' lang='lat' dir='ltr'><strong>inhujus</strong></span> <span class='ocrx_word' id='word_1_533' title='bbox 1744 4129 1892 4185; x_wconf 84' lang='lat' dir='ltr'><strong>matutina·</strong></span> 
     </span>
     <span class='ocr_line' id='line_1_61' title="bbox 1103 4215 1894 4293; baseline 0.003 -20"><span class='ocrx_word' id='word_1_534' title='bbox 1103 4217 1136 4273; x_wconf 91' lang='lat' dir='ltr'><strong>lis</strong></span> <span class='ocrx_word' id='word_1_535' title='bbox 1149 4215 1229 4274; x_wconf 80' lang='lat' dir='ltr'><strong>oflicii</strong></span> <span class='ocrx_word' id='word_1_536' title='bbox 1243 4218 1426 4275; x_wconf 83' lang='lat' dir='ltr'><strong>eeleiuutione</strong></span> <span class='ocrx_word' id='word_1_537' title='bbox 1441 4219 1620 4275; x_wconf 82' lang='lat' dir='ltr'><strong>concinimus.</strong></span> <span class='ocrx_word' id='word_1_538' title='bbox 1635 4219 1703 4287; x_wconf 83' lang='lat' dir='ltr'><strong>Quia</strong></span> <span class='ocrx_word' id='word_1_539' title='bbox 1714 4235 1779 4276; x_wconf 87' lang='lat' dir='ltr'><strong>rere</strong></span> <span class='ocrx_word' id='word_1_540' title='bbox 1792 4219 1820 4275; x_wconf 92' lang='lat' dir='ltr'><strong>in</strong></span> <span class='ocrx_word' id='word_1_541' title='bbox 1833 4234 1894 4293; x_wconf 90' lang='lat' dir='ltr'><strong>spe·</strong></span> 
     </span>
     <span class='ocr_line' id='line_1_62' title="bbox 1103 4306 1893 4382; baseline 0.006 -22"><span class='ocrx_word' id='word_1_542' title='bbox 1103 4306 1248 4363; x_wconf 86' lang='lat' dir='ltr'><strong>culationis</strong></span> <span class='ocrx_word' id='word_1_543' title='bbox 1268 4323 1383 4364; x_wconf 77' lang='lat' dir='ltr'><strong>excessu</strong></span> <span class='ocrx_word' id='word_1_544' title='bbox 1397 4324 1481 4364; x_wconf 90' lang='lat' dir='ltr'><strong>unum</strong></span> <span class='ocrx_word' id='word_1_545' title='bbox 1500 4310 1681 4378; x_wconf 86' lang='lat' dir='ltr'><strong>solummodo,</strong></span> <span class='ocrx_word' id='word_1_546' title='bbox 1704 4311 1776 4382; x_wconf 81' lang='lat' dir='ltr'><strong>quod</strong></span> <span class='ocrx_word' id='word_1_547' title='bbox 1799 4310 1893 4381; x_wconf 90' lang='lat' dir='ltr'><strong>procul</strong></span> 
     </span>
    </p>
   </div>
   <div class='ocr_carea' id='block_1_14' title="bbox 256 4397 1896 5938">
    <p class='ocr_par' dir='ltr' id='par_1_16' title="bbox 256 4397 1896 5938">
     <span class='ocr_line' id='line_1_63' title="bbox 259 4397 1890 4473; baseline 0.002 -19"><span class='ocrx_word' id='word_1_548' title='bbox 259 4408 317 4454; x_wconf 86' lang='lat' dir='ltr'><strong>stra</strong></span> <span class='ocrx_word' id='word_1_549' title='bbox 332 4398 388 4455; x_wconf 89' lang='lat' dir='ltr'><strong>beo</strong></span> <span class='ocrx_word' id='word_1_550' title='bbox 406 4415 456 4469; x_wconf 88' lang='lat' dir='ltr'><strong>per</strong></span> <span class='ocrx_word' id='word_1_551' title='bbox 467 4416 686 4473; x_wconf 81' lang='lat' dir='ltr'><strong>utrumquemque</strong></span> <span class='ocrx_word' id='word_1_552' title='bbox 704 4402 775 4458; x_wconf 89' lang='lat' dir='ltr'><strong>diem</strong></span> <span class='ocrx_word' id='word_1_553' title='bbox 798 4403 899 4473; x_wconf 87' lang='lat' dir='ltr'><strong>septies</strong></span> <span class='ocrx_word' id='word_1_554' title='bbox 918 4405 1055 4473; x_wconf 80' lang='lat' dir='ltr'><strong>persolva·</strong></span> <span class='ocrx_word' id='word_1_555' title='bbox 1104 4397 1187 4455; x_wconf 88' lang='lat' dir='ltr'><strong>dubio</strong></span> <span class='ocrx_word' id='word_1_556' title='bbox 1214 4400 1285 4455; x_wconf 85' lang='lat' dir='ltr'><strong>bens</strong></span> <span class='ocrx_word' id='word_1_557' title='bbox 1299 4408 1350 4467; x_wconf 91' lang='lat' dir='ltr'><strong>est,</strong></span> <span class='ocrx_word' id='word_1_558' title='bbox 1367 4400 1524 4470; x_wconf 76' lang='lat' dir='ltr'><strong>querimus,</strong></span> <span class='ocrx_word' id='word_1_559' title='bbox 1550 4416 1635 4457; x_wconf 89' lang='lat' dir='ltr'><strong>unum</strong></span> <span class='ocrx_word' id='word_1_560' title='bbox 1661 4417 1737 4472; x_wconf 76' lang='lat' dir='ltr'><strong>aque</strong></span> <span class='ocrx_word' id='word_1_561' title='bbox 1759 4403 1890 4459; x_wconf 85' lang='lat' dir='ltr'><strong>canticum</strong></span> 
     </span>
     <span class='ocr_line' id='line_1_64' title="bbox 257 4490 1892 4562; baseline 0.005 -20"><span class='ocrx_word' id='word_1_562' title='bbox 257 4507 329 4549; x_wconf 76' lang='lat' dir='ltr'><strong>nius.</strong></span> <span class='ocrx_word' id='word_1_563' title='bbox 341 4490 404 4548; x_wconf 81' lang='lat' dir='ltr'><strong>iiaeo</strong></span> <span class='ocrx_word' id='word_1_564' title='bbox 414 4508 479 4551; x_wconf 71' lang='lat' dir='ltr'><strong>sane</strong></span> <span class='ocrx_word' id='word_1_565' title='bbox 490 4503 595 4562; x_wconf 78' lang='lat' dir='ltr'><strong>septem</strong></span> <span class='ocrx_word' id='word_1_566' title='bbox 608 4494 803 4551; x_wconf 71' lang='lat' dir='ltr'><strong>eanossiearnm</strong></span> <span class='ocrx_word' id='word_1_567' title='bbox 813 4495 942 4550; x_wconf 64' lang='lat' dir='ltr'><strong>bonrum</strong></span> <span class='ocrx_word' id='word_1_568' title='bbox 954 4494 1052 4561; x_wconf 71' lang='lat' dir='ltr'><strong>officia,</strong></span> <span class='ocrx_word' id='word_1_569' title='bbox 1104 4503 1157 4545; x_wconf 91' lang='lat' dir='ltr'><strong>uon</strong></span> <span class='ocrx_word' id='word_1_570' title='bbox 1173 4491 1308 4547; x_wconf 86' lang='lat' dir='ltr'><strong>inrurerito</strong></span> <span class='ocrx_word' id='word_1_571' title='bbox 1318 4492 1506 4548; x_wconf 80' lang='lat' dir='ltr'><strong>decantamus·</strong></span> <span class='ocrx_word' id='word_1_572' title='bbox 1516 4493 1593 4561; x_wconf 83' lang='lat' dir='ltr'><strong>Quod</strong></span> <span class='ocrx_word' id='word_1_573' title='bbox 1612 4503 1704 4550; x_wconf 84' lang='lat' dir='ltr'><strong>autem</strong></span> <span class='ocrx_word' id='word_1_574' title='bbox 1717 4505 1744 4549; x_wconf 92' lang='lat' dir='ltr'><strong>et</strong></span> <span class='ocrx_word' id='word_1_575' title='bbox 1756 4493 1892 4550; x_wconf 67' lang='lat' dir='ltr'><strong>Zacharia</strong></span> 
     </span>
     <span class='ocr_line' id='line_1_65' title="bbox 258 4582 1891 4660; baseline 0.004 -23"><span class='ocrx_word' id='word_1_576' title='bbox 258 4583 337 4652; x_wconf 77' lang='lat' dir='ltr'><strong>quasi</strong></span> <span class='ocrx_word' id='word_1_577' title='bbox 352 4592 454 4653; x_wconf 88' lang='lat' dir='ltr'><strong>septem</strong></span> <span class='ocrx_word' id='word_1_578' title='bbox 468 4582 661 4654; x_wconf 81' lang='lat' dir='ltr'><strong>baptismatum</strong></span> <span class='ocrx_word' id='word_1_579' title='bbox 676 4583 794 4653; x_wconf 82' lang='lat' dir='ltr'><strong>lauacro,</strong></span> <span class='ocrx_word' id='word_1_580' title='bbox 805 4584 832 4639; x_wconf 90' lang='lat' dir='ltr'><strong>in</strong></span> <span class='ocrx_word' id='word_1_581' title='bbox 846 4593 946 4641; x_wconf 80' lang='lat' dir='ltr'><strong>sancte</strong></span> <span class='ocrx_word' id='word_1_582' title='bbox 959 4585 1053 4642; x_wconf 81' lang='lat' dir='ltr'><strong>Eccle-</strong></span> <span class='ocrx_word' id='word_1_583' title='bbox 1076 4600 1084 4618; x_wconf 89' lang='lat'><strong>·</strong></span> <span class='ocrx_word' id='word_1_584' title='bbox 1103 4586 1240 4641; x_wconf 90' lang='lat' dir='ltr'><strong>canticum</strong></span> <span class='ocrx_word' id='word_1_585' title='bbox 1255 4586 1281 4641; x_wconf 92' lang='lat' dir='ltr'><strong>in</strong></span> <span class='ocrx_word' id='word_1_586' title='bbox 1294 4586 1348 4642; x_wconf 90' lang='lat' dir='ltr'><strong>line</strong></span> <span class='ocrx_word' id='word_1_587' title='bbox 1357 4587 1468 4658; x_wconf 79' lang='lat' dir='ltr'><strong>synaxis</strong></span> <span class='ocrx_word' id='word_1_588' title='bbox 1481 4586 1616 4656; x_wconf 79' lang='lat' dir='ltr'><strong>adjicitur,</strong></span> <span class='ocrx_word' id='word_1_589' title='bbox 1627 4597 1654 4644; x_wconf 92' lang='lat' dir='ltr'><strong>et</strong></span> <span class='ocrx_word' id='word_1_590' title='bbox 1665 4588 1728 4660; x_wconf 83' lang='lat' dir='ltr'><strong>quia</strong></span> <span class='ocrx_word' id='word_1_591' title='bbox 1742 4589 1891 4655; x_wconf 80' lang='lat' dir='ltr'><strong>desinente,</strong></span> 
     </span>
     <span class='ocr_line' id='line_1_66' title="bbox 258 4656 1893 4753; baseline 0.001 -20"><span class='ocrx_word' id='word_1_592' title='bbox 258 4674 306 4733; x_wconf 68' lang='lat' dir='ltr'><strong>site</strong></span> <span class='ocrx_word' id='word_1_593' title='bbox 318 4684 382 4730; x_wconf 90' lang='lat' dir='ltr'><strong>sunt</strong></span> <span class='ocrx_word' id='word_1_594' title='bbox 402 4676 506 4747; x_wconf 71' lang='lat' dir='ltr'><strong>premio</strong></span> <span class='ocrx_word' id='word_1_595' title='bbox 523 4677 693 4733; x_wconf 89' lang='lat' dir='ltr'><strong>constituta:</strong></span> <span class='ocrx_word' id='word_1_596' title='bbox 716 4686 746 4734; x_wconf 89' lang='grc' dir='ltr'><strong>ιιι</strong></span> <span class='ocrx_word' id='word_1_597' title='bbox 759 4689 861 4750; x_wconf 88' lang='lat' dir='ltr'><strong>septem</strong></span> <span class='ocrx_word' id='word_1_598' title='bbox 873 4678 1050 4735; x_wconf 78' lang='lat' dir='ltr'><strong>offensionum</strong></span> <span class='ocrx_word' id='word_1_599' title='bbox 1067 4656 1131 4733; x_wconf 74' lang='lat' dir='ltr'><strong>Det</strong></span> <span class='ocrx_word' id='word_1_600' title='bbox 1156 4679 1314 4735; x_wconf 84' lang='lat' dir='ltr'><strong>imminente</strong></span> <span class='ocrx_word' id='word_1_601' title='bbox 1333 4679 1391 4753; x_wconf 83' lang='lat' dir='ltr'><strong>jam</strong></span> <span class='ocrx_word' id='word_1_602' title='bbox 1417 4678 1493 4736; x_wconf 82' lang='lat' dir='ltr'><strong>Noto</strong></span> <span class='ocrx_word' id='word_1_603' title='bbox 1511 4679 1686 4736; x_wconf 80' lang='lat' dir='ltr'><strong>Testamenta</strong></span> <span class='ocrx_word' id='word_1_604' title='bbox 1699 4680 1800 4735; x_wconf 90' lang='lat' dir='ltr'><strong>lactum</strong></span> <span class='ocrx_word' id='word_1_605' title='bbox 1813 4680 1893 4735; x_wconf 86' lang='lat' dir='ltr'><strong>luisse</strong></span> 
     </span>
     <span class='ocr_line' id='line_1_67' title="bbox 258 4763 1893 4843; baseline 0.006 -25"><span class='ocrx_word' id='word_1_606' title='bbox 258 4763 394 4831; x_wconf 81' lang='lat' dir='ltr'><strong>maculas,</strong></span> <span class='ocrx_word' id='word_1_607' title='bbox 409 4781 477 4837; x_wconf 89' lang='lat' dir='ltr'><strong>quas</strong></span> <span class='ocrx_word' id='word_1_608' title='bbox 494 4780 527 4820; x_wconf 82' lang='lat' dir='ltr'><strong>er</strong></span> <span class='ocrx_word' id='word_1_609' title='bbox 542 4766 698 4837; x_wconf 86' lang='lat' dir='ltr'><strong>qrroridiana</strong></span> <span class='ocrx_word' id='word_1_610' title='bbox 717 4768 780 4826; x_wconf 78' lang='lat' dir='ltr'><strong>ritas</strong></span> <span class='ocrx_word' id='word_1_611' title='bbox 803 4767 883 4838; x_wconf 85' lang='lat' dir='ltr'><strong>hujus</strong></span> <span class='ocrx_word' id='word_1_612' title='bbox 905 4783 1052 4826; x_wconf 86' lang='lat' dir='ltr'><strong>conversa·</strong></span> <span class='ocrx_word' id='word_1_613' title='bbox 1104 4770 1287 4841; x_wconf 79' lang='lat' dir='ltr'><strong>cognoscitur,</strong></span> <span class='ocrx_word' id='word_1_614' title='bbox 1312 4769 1371 4841; x_wconf 88' lang='lat' dir='ltr'><strong>ipso</strong></span> <span class='ocrx_word' id='word_1_615' title='bbox 1394 4770 1476 4826; x_wconf 91' lang='lat' dir='ltr'><strong>etiarn</strong></span> <span class='ocrx_word' id='word_1_616' title='bbox 1496 4771 1569 4841; x_wconf 84' lang='lat' dir='ltr'><strong>quod</strong></span> <span class='ocrx_word' id='word_1_617' title='bbox 1587 4772 1686 4827; x_wconf 89' lang='lat' dir='ltr'><strong>dicitur</strong></span> <span class='ocrx_word' id='word_1_618' title='bbox 1701 4782 1823 4843; x_wconf 87' lang='lat' dir='ltr'><strong>tempore</strong></span> <span class='ocrx_word' id='word_1_619' title='bbox 1837 4786 1893 4843; x_wconf 77' lang='lat' dir='ltr'><strong>ury-</strong></span> 
     </span>
     <span class='ocr_line' id='line_1_68' title="bbox 258 4854 1894 4934; baseline 0.004 -24"><span class='ocrx_word' id='word_1_620' title='bbox 258 4854 332 4910; x_wconf 89' lang='lat' dir='ltr'><strong>tione</strong></span> <span class='ocrx_word' id='word_1_621' title='bbox 344 4857 542 4921; x_wconf 86' lang='lat' dir='ltr'><strong>contranimus,</strong></span> <span class='ocrx_word' id='word_1_622' title='bbox 557 4857 680 4924; x_wconf 85' lang='lat' dir='ltr'><strong>totidem,</strong></span> <span class='ocrx_word' id='word_1_623' title='bbox 695 4868 726 4914; x_wconf 90' lang='lat' dir='ltr'><strong>ut</strong></span> <span class='ocrx_word' id='word_1_624' title='bbox 747 4859 784 4916; x_wconf 81' lang='lat' dir='ltr'><strong>its</strong></span> <span class='ocrx_word' id='word_1_625' title='bbox 802 4859 909 4931; x_wconf 80' lang='lat' dir='ltr'><strong>loquar,</strong></span> <span class='ocrx_word' id='word_1_626' title='bbox 922 4861 1053 4918; x_wconf 89' lang='lat' dir='ltr'><strong>orationis</strong></span> <span class='ocrx_word' id='word_1_627' title='bbox 1104 4862 1174 4919; x_wconf 90' lang='lat' dir='ltr'><strong>stice</strong></span> <span class='ocrx_word' id='word_1_628' title='bbox 1190 4870 1314 4927; x_wconf 90' lang='lat' dir='ltr'><strong>testatur,</strong></span> <span class='ocrx_word' id='word_1_629' title='bbox 1342 4869 1371 4917; x_wconf 88' lang='lat' dir='ltr'><strong>et</strong></span> <span class='ocrx_word' id='word_1_630' title='bbox 1391 4873 1500 4918; x_wconf 90' lang='lat' dir='ltr'><strong>noctem</strong></span> <span class='ocrx_word' id='word_1_631' title='bbox 1527 4863 1842 4934; x_wconf 75' lang='lat' dir='ltr'><strong>praesensentium</strong></span> <span class='ocrx_word' id='word_1_632' title='bbox 1867 4870 1894 4917; x_wconf 90' lang='lat' dir='ltr'><strong>et</strong></span> 
     </span>
     <span class='ocr_line' id='line_1_69' title="bbox 258 4944 1895 5024; baseline 0.007 -27"><span class='ocrx_word' id='word_1_633' title='bbox 258 4946 422 5016; x_wconf 80' lang='lat' dir='ltr'><strong>qarntidiauae</strong></span> <span class='ocrx_word' id='word_1_634' title='bbox 435 4944 544 5003; x_wconf 83' lang='lat' dir='ltr'><strong>fluentis</strong></span> <span class='ocrx_word' id='word_1_635' title='bbox 555 4948 665 5019; x_wconf 82' lang='lat' dir='ltr'><strong>expiare</strong></span> <span class='ocrx_word' id='word_1_636' title='bbox 676 4964 818 5018; x_wconf 79' lang='lat' dir='ltr'><strong>curemus3</strong></span> <span class='ocrx_word' id='word_1_637' title='bbox 838 4960 972 5022; x_wconf 62' lang='lat' dir='ltr'><strong>armenus</strong></span> <span class='ocrx_word' id='word_1_638' title='bbox 984 4952 1054 5009; x_wconf 78' lang='lat' dir='ltr'><strong>assi·</strong></span> <span class='ocrx_word' id='word_1_639' title='bbox 1105 4950 1187 5016; x_wconf 89' lang='lat' dir='ltr'><strong>diem,</strong></span> <span class='ocrx_word' id='word_1_640' title='bbox 1218 4950 1290 5007; x_wconf 84' lang='lat' dir='ltr'><strong>siem</strong></span> <span class='ocrx_word' id='word_1_641' title='bbox 1302 4950 1447 5021; x_wconf 75' lang='lat' dir='ltr'><strong>spasmus</strong></span> <span class='ocrx_word' id='word_1_642' title='bbox 1456 4950 1582 5022; x_wconf 89' lang='lat' dir='ltr'><strong>perbibet</strong></span> <span class='ocrx_word' id='word_1_643' title='bbox 1598 4951 1685 5023; x_wconf 77' lang='lat' dir='ltr'><strong>(doru.</strong></span> <span class='ocrx_word' id='word_1_644' title='bbox 1711 4953 1784 5023; x_wconf 81' lang='lat' dir='ltr'><strong>sarr),</strong></span> <span class='ocrx_word' id='word_1_645' title='bbox 1799 4967 1895 5024; x_wconf 85' lang='lat' dir='ltr'><strong>appru-</strong></span> 
     </span>
     <span class='ocr_line' id='line_1_70' title="bbox 258 5034 1895 5113; baseline 0.004 -23"><span class='ocrx_word' id='word_1_646' title='bbox 258 5034 341 5091; x_wconf 88' lang='lat' dir='ltr'><strong>duum</strong></span> <span class='ocrx_word' id='word_1_647' title='bbox 354 5036 538 5106; x_wconf 87' lang='lat' dir='ltr'><strong>corruptibilis</strong></span> <span class='ocrx_word' id='word_1_648' title='bbox 550 5037 611 5094; x_wconf 71' lang='lat' dir='ltr'><strong>ritae</strong></span> <span class='ocrx_word' id='word_1_649' title='bbox 625 5038 764 5108; x_wconf 73' lang='lat' dir='ltr'><strong>pulverem</strong></span> <span class='ocrx_word' id='word_1_650' title='bbox 779 5040 973 5098; x_wconf 74' lang='lat' dir='ltr'><strong>satisfactionis</strong></span> <span class='ocrx_word' id='word_1_651' title='bbox 985 5055 1051 5097; x_wconf 85' lang='lat' dir='ltr'><strong>aura</strong></span> <span class='ocrx_word' id='word_1_652' title='bbox 1105 5041 1240 5113; x_wconf 83' lang='lat' dir='ltr'><strong>pinqnare</strong></span> <span class='ocrx_word' id='word_1_653' title='bbox 1264 5040 1407 5097; x_wconf 81' lang='lat' dir='ltr'><strong>virtutum.</strong></span> <span class='ocrx_word' id='word_1_654' title='bbox 1426 5039 1461 5096; x_wconf 84' lang='lat' dir='ltr'><strong>itt</strong></span> <span class='ocrx_word' id='word_1_655' title='bbox 1482 5041 1541 5097; x_wconf 81' lang='lat' dir='ltr'><strong>brec</strong></span> <span class='ocrx_word' id='word_1_656' title='bbox 1568 5040 1678 5111; x_wconf 85' lang='lat' dir='ltr'><strong>quidem</strong></span> <span class='ocrx_word' id='word_1_657' title='bbox 1698 5041 1732 5097; x_wconf 91' lang='lat' dir='ltr'><strong>de</strong></span> <span class='ocrx_word' id='word_1_658' title='bbox 1758 5040 1895 5098; x_wconf 87' lang='lat' dir='ltr'><strong>matutinis</strong></span> 
     </span>
     <span class='ocr_line' id='line_1_71' title="bbox 258 5112 1775 5203; baseline 0.004 -20"><span class='ocrx_word' id='word_1_659' title='bbox 258 5126 390 5193; x_wconf 84' lang='lat' dir='ltr'><strong>decutiat,</strong></span> <span class='ocrx_word' id='word_1_660' title='bbox 410 5135 440 5184; x_wconf 87' lang='lat' dir='ltr'><strong>et</strong></span> <span class='ocrx_word' id='word_1_661' title='bbox 460 5129 605 5184; x_wconf 78' lang='lat' dir='ltr'><strong>mundane</strong></span> <span class='ocrx_word' id='word_1_662' title='bbox 618 5130 832 5187; x_wconf 80' lang='lat' dir='ltr'><strong>conversationis</strong></span> <span class='ocrx_word' id='word_1_663' title='bbox 851 5130 937 5188; x_wconf 87' lang='lat' dir='ltr'><strong>lutum</strong></span> <span class='ocrx_word' id='word_1_664' title='bbox 957 5146 1053 5203; x_wconf 71' lang='lat' dir='ltr'><strong>snper«</strong></span> <span class='ocrx_word' id='word_1_665' title='bbox 1105 5129 1230 5188; x_wconf 89' lang='lat' dir='ltr'><strong>laudibus</strong></span> <span class='ocrx_word' id='word_1_666' title='bbox 1243 5112 1464 5202; x_wconf 79' lang='lat' dir='ltr'><strong>compendiosius</strong></span> <span class='ocrx_word' id='word_1_667' title='bbox 1478 5131 1618 5202; x_wconf 76' lang='lat' dir='ltr'><strong>praelibata</strong></span> <span class='ocrx_word' id='word_1_668' title='bbox 1631 5132 1775 5191; x_wconf 78' lang='lat' dir='ltr'><strong>sufficiant.</strong></span> 
     </span>
     <span class='ocr_line' id='line_1_72' title="bbox 258 5215 1589 5291; baseline 0.005 -19"><span class='ocrx_word' id='word_1_669' title='bbox 258 5215 326 5274; x_wconf 78' lang='lat' dir='ltr'><strong>tusa</strong></span> <span class='ocrx_word' id='word_1_670' title='bbox 339 5216 471 5273; x_wconf 86' lang='lat' dir='ltr'><strong>orationis</strong></span> <span class='ocrx_word' id='word_1_671' title='bbox 485 5217 612 5288; x_wconf 87' lang='lat' dir='ltr'><strong>lrequens</strong></span> <span class='ocrx_word' id='word_1_672' title='bbox 625 5216 696 5272; x_wconf 90' lang='lat' dir='ltr'><strong>unda</strong></span> <span class='ocrx_word' id='word_1_673' title='bbox 710 5219 842 5291; x_wconf 66' lang='lat' dir='ltr'><strong>detergat.</strong></span> <span class='ocrx_word' id='word_1_674' title='bbox 1412 5222 1527 5280; x_wconf 72' lang='lat' dir='ltr'>CAPUT</span> <span class='ocrx_word' id='word_1_675' title='bbox 1545 5223 1589 5279; x_wconf 88' lang='lat' dir='ltr'><strong>lll.</strong></span> 
     </span>
     <span class='ocr_line' id='line_1_73' title="bbox 567 5307 1788 5387; baseline 0.005 -22"><span class='ocrx_word' id='word_1_676' title='bbox 567 5307 683 5366; x_wconf 73' lang='lat' dir='ltr'>CAPUT</span> <span class='ocrx_word' id='word_1_677' title='bbox 703 5308 737 5367; x_wconf 83' lang='lat' dir='ltr'><strong>il.</strong></span> <span class='ocrx_word' id='word_1_678' title='bbox 1210 5309 1265 5369; x_wconf 82' lang='lat' dir='ltr'><strong>Cart</strong></span> <span class='ocrx_word' id='word_1_679' title='bbox 1278 5308 1406 5386; x_wconf 77' lang='lat' dir='ltr'><strong>iriprimn</strong></span> <span class='ocrx_word' id='word_1_680' title='bbox 1416 5314 1483 5370; x_wconf 80' lang='lat' dir='ltr'><strong>liora</strong></span> <span class='ocrx_word' id='word_1_681' title='bbox 1498 5314 1621 5370; x_wconf 81' lang='lat' dir='ltr'><strong>recitetur</strong></span> <span class='ocrx_word' id='word_1_682' title='bbox 1632 5315 1788 5387; x_wconf 75' lang='lat' dir='ltr'><strong>rpmiolsrn.</strong></span> 
     </span>
     <span class='ocr_line' id='line_1_74' title="bbox 294 5398 1896 5485; baseline 0.006 -28"><span class='ocrx_word' id='word_1_683' title='bbox 294 5398 374 5457; x_wconf 71' lang='lat' dir='ltr'><strong>liure</strong></span> <span class='ocrx_word' id='word_1_684' title='bbox 385 5408 516 5468; x_wconf 65' lang='lat' dir='ltr'><strong>autema</strong></span> <span class='ocrx_word' id='word_1_685' title='bbox 529 5401 628 5472; x_wconf 80' lang='lat' dir='ltr'><strong>quibas</strong></span> <span class='ocrx_word' id='word_1_686' title='bbox 641 5400 789 5472; x_wconf 78' lang='lat' dir='ltr'><strong>loquimur,</strong></span> <span class='ocrx_word' id='word_1_687' title='bbox 803 5409 866 5485; x_wconf 82' lang='lat' dir='ltr'><strong>snut</strong></span> <span class='ocrx_word' id='word_1_688' title='bbox 879 5402 948 5463; x_wconf 72' lang='lat' dir='ltr'><strong>usi</strong></span> <span class='ocrx_word' id='word_1_689' title='bbox 963 5403 1053 5461; x_wconf 69' lang='lat' dir='ltr'><strong>flatu-</strong></span> <span class='ocrx_word' id='word_1_690' title='bbox 1139 5401 1239 5461; x_wconf 80' lang='lat' dir='ltr'><strong>Primae</strong></span> <span class='ocrx_word' id='word_1_691' title='bbox 1256 5413 1346 5461; x_wconf 86' lang='lat' dir='ltr'><strong>autera</strong></span> <span class='ocrx_word' id='word_1_692' title='bbox 1362 5405 1447 5472; x_wconf 80' lang='lat' dir='ltr'><strong>borae,</strong></span> <span class='ocrx_word' id='word_1_693' title='bbox 1461 5405 1559 5471; x_wconf 77' lang='lat' dir='ltr'><strong>tertiae,</strong></span> <span class='ocrx_word' id='word_1_694' title='bbox 1571 5413 1655 5464; x_wconf 76' lang='lat' dir='ltr'><strong>serite</strong></span> <span class='ocrx_word' id='word_1_695' title='bbox 1669 5415 1697 5463; x_wconf 93' lang='lat' dir='ltr'><strong>et</strong></span> <span class='ocrx_word' id='word_1_696' title='bbox 1712 5421 1790 5463; x_wconf 83' lang='lat' dir='ltr'><strong>nome</strong></span> <span class='ocrx_word' id='word_1_697' title='bbox 1813 5409 1896 5466; x_wconf 82' lang='lat' dir='ltr'><strong>ternis</strong></span> 
     </span>
     <span class='ocr_line' id='line_1_75' title="bbox 259 5494 1895 5567; baseline 0.002 -16"><span class='ocrx_word' id='word_1_698' title='bbox 259 5497 324 5552; x_wconf 77' lang='lat' dir='ltr'><strong>tinae</strong></span> <span class='ocrx_word' id='word_1_699' title='bbox 342 5497 486 5564; x_wconf 80' lang='lat' dir='ltr'><strong>videlieet,</strong></span> <span class='ocrx_word' id='word_1_700' title='bbox 503 5494 624 5561; x_wconf 65' lang='lat' dir='ltr'><strong>huda,</strong></span> <span class='ocrx_word' id='word_1_701' title='bbox 645 5510 706 5567; x_wconf 77' lang='lat' dir='ltr'><strong>quaa</strong></span> <span class='ocrx_word' id='word_1_702' title='bbox 727 5495 799 5552; x_wconf 91' lang='lat' dir='ltr'><strong>inter</strong></span> <span class='ocrx_word' id='word_1_703' title='bbox 815 5495 961 5554; x_wconf 89' lang='lat' dir='ltr'><strong>diluculum</strong></span> <span class='ocrx_word' id='word_1_704' title='bbox 984 5496 1053 5555; x_wconf 90' lang='lat' dir='ltr'><strong>iuci-</strong></span> <span class='ocrx_word' id='word_1_705' title='bbox 1105 5509 1182 5566; x_wconf 81' lang='lat' dir='ltr'><strong>teque</strong></span> <span class='ocrx_word' id='word_1_706' title='bbox 1203 5494 1318 5567; x_wconf 85' lang='lat' dir='ltr'><strong>psalmis</strong></span> <span class='ocrx_word' id='word_1_707' title='bbox 1335 5496 1511 5552; x_wconf 87' lang='lat' dir='ltr'><strong>continentur</strong></span> <span class='ocrx_word' id='word_1_708' title='bbox 1534 5494 1634 5563; x_wconf 85' lang='lat' dir='ltr'><strong>nibeis,</strong></span> <span class='ocrx_word' id='word_1_709' title='bbox 1655 5498 1703 5553; x_wconf 85' lang='lat' dir='ltr'><strong>sed</strong></span> <span class='ocrx_word' id='word_1_710' title='bbox 1728 5498 1895 5555; x_wconf 84' lang='lat' dir='ltr'><strong>amederais</strong></span> 
     </span>
     <span class='ocr_line' id='line_1_76' title="bbox 258 5587 1895 5661; baseline -0.001 -17"><span class='ocrx_word' id='word_1_711' title='bbox 258 5588 364 5659; x_wconf 80' lang='lat' dir='ltr'><strong>piendae</strong></span> <span class='ocrx_word' id='word_1_712' title='bbox 385 5598 450 5646; x_wconf 87' lang='lat' dir='ltr'><strong>sant</strong></span> <span class='ocrx_word' id='word_1_713' title='bbox 470 5599 498 5647; x_wconf 90' lang='lat' dir='ltr'><strong>et</strong></span> <span class='ocrx_word' id='word_1_714' title='bbox 518 5604 644 5646; x_wconf 81' lang='lat' dir='ltr'><strong>auroram</strong></span> <span class='ocrx_word' id='word_1_715' title='bbox 661 5605 669 5645; x_wconf 75' lang='grc' dir='ltr'>ι</span> <span class='ocrx_word' id='word_1_716' title='bbox 688 5587 804 5656; x_wconf 88' lang='lat' dir='ltr'><strong>deinde,</strong></span> <span class='ocrx_word' id='word_1_717' title='bbox 822 5588 934 5657; x_wconf 86' lang='lat' dir='ltr'><strong>Prima,</strong></span> <span class='ocrx_word' id='word_1_718' title='bbox 949 5588 1052 5657; x_wconf 84' lang='lat' dir='ltr'><strong>Tertia,</strong></span> <span class='ocrx_word' id='word_1_719' title='bbox 1106 5588 1200 5660; x_wconf 81' lang='lat' dir='ltr'><strong>prime</strong></span> <span class='ocrx_word' id='word_1_720' title='bbox 1227 5588 1302 5644; x_wconf 83' lang='lat' dir='ltr'><strong>borae</strong></span> <span class='ocrx_word' id='word_1_721' title='bbox 1321 5597 1504 5661; x_wconf 75' lang='lat' dir='ltr'><strong>congruenter</strong></span> <span class='ocrx_word' id='word_1_722' title='bbox 1529 5587 1662 5645; x_wconf 84' lang='lat' dir='ltr'><strong>catholica</strong></span> <span class='ocrx_word' id='word_1_723' title='bbox 1686 5588 1754 5644; x_wconf 86' lang='lat' dir='ltr'><strong>bdes</strong></span> <span class='ocrx_word' id='word_1_724' title='bbox 1777 5588 1895 5656; x_wconf 85' lang='lat' dir='ltr'><strong>additur,</strong></span> 
     </span>
     <span class='ocr_line' id='line_1_77' title="bbox 256 5677 1894 5753; baseline -0.001 -18"><span class='ocrx_word' id='word_1_725' title='bbox 256 5680 353 5751; x_wconf 51' lang='lat' dir='ltr'><strong>¹Sexta,</strong></span> <span class='ocrx_word' id='word_1_726' title='bbox 374 5680 461 5748; x_wconf 81' lang='lat' dir='ltr'><strong>Nona,</strong></span> <span class='ocrx_word' id='word_1_727' title='bbox 487 5680 635 5753; x_wconf 79' lang='lat' dir='ltr'><strong>lesperutn</strong></span> <span class='ocrx_word' id='word_1_728' title='bbox 659 5690 688 5738; x_wconf 88' lang='lat' dir='ltr'><strong>et</strong></span> <span class='ocrx_word' id='word_1_729' title='bbox 709 5681 930 5753; x_wconf 75' lang='lat' dir='ltr'><strong>completorium.</strong></span> <span class='ocrx_word' id='word_1_730' title='bbox 954 5682 1054 5738; x_wconf 87' lang='lat' dir='ltr'><strong>bicen·</strong></span> <span class='ocrx_word' id='word_1_731' title='bbox 1106 5694 1186 5749; x_wconf 83' lang='lat' dir='ltr'><strong>quam</strong></span> <span class='ocrx_word' id='word_1_732' title='bbox 1196 5677 1361 5734; x_wconf 74' lang='lat' dir='ltr'><strong>Athanasius</strong></span> <span class='ocrx_word' id='word_1_733' title='bbox 1372 5677 1509 5746; x_wconf 87' lang='lat' dir='ltr'><strong>videlicet,</strong></span> <span class='ocrx_word' id='word_1_734' title='bbox 1525 5679 1726 5734; x_wconf 75' lang='lat' dir='ltr'><strong>Alexandrinus</strong></span> <span class='ocrx_word' id='word_1_735' title='bbox 1742 5680 1894 5749; x_wconf 85' lang='lat' dir='ltr'><strong>episcopus,</strong></span> 
     </span>
     <span class='ocr_line' id='line_1_78' title="bbox 259 5769 1895 5847; baseline -0.002 -19"><span class='ocrx_word' id='word_1_736' title='bbox 259 5774 323 5828; x_wconf 87' lang='lat' dir='ltr'><strong>dnm</strong></span> <span class='ocrx_word' id='word_1_737' title='bbox 340 5782 384 5830; x_wconf 87' lang='lat' dir='ltr'><strong>est</strong></span> <span class='ocrx_word' id='word_1_738' title='bbox 406 5783 496 5829; x_wconf 71' lang='lat' dir='ltr'><strong>anum</strong></span> <span class='ocrx_word' id='word_1_739' title='bbox 519 5783 585 5844; x_wconf 81' lang='lat' dir='ltr'><strong>nunt</strong></span> <span class='ocrx_word' id='word_1_740' title='bbox 608 5774 725 5844; x_wconf 89' lang='lat' dir='ltr'><strong>psalmos</strong></span> <span class='ocrx_word' id='word_1_741' title='bbox 746 5774 956 5847; x_wconf 75' lang='lat' dir='ltr'><strong>nntrasrnjnsoue</strong></span> <span class='ocrx_word' id='word_1_742' title='bbox 978 5776 1053 5831; x_wconf 77' lang='lat' dir='ltr'><strong>horte</strong></span> <span class='ocrx_word' id='word_1_743' title='bbox 1106 5769 1198 5826; x_wconf 88' lang='lat' dir='ltr'><strong>dirino</strong></span> <span class='ocrx_word' id='word_1_744' title='bbox 1215 5777 1378 5842; x_wconf 66' lang='lat' dir='ltr'><strong>suggerente</strong></span> <span class='ocrx_word' id='word_1_745' title='bbox 1398 5770 1513 5840; x_wconf 80' lang='lat' dir='ltr'><strong>Spirittt,</strong></span> <span class='ocrx_word' id='word_1_746' title='bbox 1538 5770 1725 5826; x_wconf 89' lang='lat' dir='ltr'><strong>sincerissime</strong></span> <span class='ocrx_word' id='word_1_747' title='bbox 1754 5769 1895 5826; x_wconf 86' lang='lat' dir='ltr'><strong>tradidisse</strong></span> 
     </span>
     <span class='ocr_line' id='line_1_79' title="bbox 259 5861 1895 5938; baseline -0.001 -19"><span class='ocrx_word' id='word_1_748' title='bbox 259 5864 373 5919; x_wconf 87' lang='lat' dir='ltr'><strong>odicium</strong></span> <span class='ocrx_word' id='word_1_749' title='bbox 391 5873 496 5928; x_wconf 84' lang='lat' dir='ltr'><strong>teneat,</strong></span> <span class='ocrx_word' id='word_1_750' title='bbox 514 5872 541 5919; x_wconf 88' lang='lat' dir='ltr'><strong>et</strong></span> <span class='ocrx_word' id='word_1_751' title='bbox 564 5881 612 5920; x_wconf 91' lang='lat' dir='ltr'><strong>cur</strong></span> <span class='ocrx_word' id='word_1_752' title='bbox 634 5866 790 5938; x_wconf 84' lang='lat' dir='ltr'><strong>ptaescripto</strong></span> <span class='ocrx_word' id='word_1_753' title='bbox 809 5882 921 5924; x_wconf 86' lang='lat' dir='ltr'><strong>trumero</strong></span> <span class='ocrx_word' id='word_1_754' title='bbox 940 5882 993 5923; x_wconf 87' lang='lat' dir='ltr'><strong>nnn</strong></span> <span class='ocrx_word' id='word_1_755' title='bbox 1014 5867 1054 5923; x_wconf 92' lang='lat' dir='ltr'><strong>in·</strong></span> <span class='ocrx_word' id='word_1_756' title='bbox 1108 5862 1372 5935; x_wconf 64' lang='lat' dir='ltr'><strong>septimanarium</strong></span> <span class='ocrx_word' id='word_1_757' title='bbox 1396 5864 1458 5934; x_wconf 82' lang='lat' dir='ltr'><strong>qnia</strong></span> <span class='ocrx_word' id='word_1_758' title='bbox 1483 5864 1549 5920; x_wconf 85' lang='lat' dir='ltr'><strong>ddes</strong></span> <span class='ocrx_word' id='word_1_759' title='bbox 1570 5861 1777 5923; x_wconf 79' lang='lat' dir='ltr'><strong>fundamentum</strong></span> <span class='ocrx_word' id='word_1_760' title='bbox 1801 5870 1852 5927; x_wconf 81' lang='lat' dir='ltr'><strong>est,</strong></span> <span class='ocrx_word' id='word_1_761' title='bbox 1867 5871 1895 5917; x_wconf 86' lang='lat' dir='ltr'><strong>et</strong></span> 
     </span>
    </p>
   </div>
   <div class='ocr_carea' id='block_1_15' title="bbox 0 0 2023 6192">
    <p class='ocr_par' dir='ltr' id='par_1_17' title="bbox 0 0 2023 6192">
     <span class='ocr_line' id='line_1_80' title="bbox 0 0 2023 6192; baseline 0 0"><span class='ocrx_word' id='word_1_762' title='bbox 0 0 2023 6192; x_wconf 95' lang='lat' dir='ltr'><strong> </strong></span> 
     </span>
    </p>
   </div>
  </div>
 </body>
</html>
