4017 6192
242 226 310 289 rma
683 228 934 289 enascentium
956 229 992 290 ut
1007 173 1122 293 rarus
1142 230 1414 295 emissemus.
1799 215 1873 277 ¹¹⁰⁰

241 349 383 397 oratanun
407 340 575 400 nndonihus
604 343 706 412 utitur,
733 353 764 400 ut
796 343 925 401 inimicus
952 344 1032 415 durs,
1075 346 1149 414 ‚dum
1170 349 1273 419 respuit
1295 363 1326 405 ac
1351 347 1477 414 resultat,
1501 347 1538 408 ad
1557 348 1857 424 eduliumproroentur

707 453 715 468 '
757 452 910 525 Enplleiunt
923 456 1074 512 testimonla
1087 457 1166 529 primi
1176 457 1238 514 liiri
1252 456 1364 530 liepum.

571 537 748 668 1891190
769 585 941 644 iNClPlUNT
959 585 1131 646 capitula
1146 586 1237 646 tutti
1256 586 1402 646 secutum
1417 585 1551 648 REGUM.

262 704 288 757 i.
308 701 346 755 lle
359 718 389 756 ro
403 704 473 772 guod
490 701 576 758 Dauid
591 701 750 772 imprecatus
763 709 818 770 ast,
843 711 872 756 at
897 716 950 756 non
964 700 1071 770 deficiat
1090 702 1122 757 de
1136 701 1215 758 dumo
1231 699 1418 772 lucidarum
1432 702 1540 759 seminis
1562 704 1693 761 sustinens
1720 717 1745 762 et
1759 709 1881 781 lepram

260 844 288 898 i.
308 782 420 923 lslfdaegl
432 772 589 909 mazam,
605 842 641 895 ait
656 841 752 906 dauid,
765 841 876 896 Domine
887 839 966 895 deus.
1011 891 1015 900 a
1173 910 1180 923 ⁶
1220 910 1227 924 .

260 913 287 966 5.
309 912 381 966 lecit
397 924 483 968 autem
494 912 579 966 Dauid
590 912 640 966 sihi
652 928 757 977 nornen,
769 928 827 966 enm
842 920 1021 977 reverteretur,
1030 920 1108 982 capta
1117 910 1209 982 Sprra,
1217 926 1245 967 m
1256 910 1324 967 ualle
1336 908 1491 968 Salinarum
1503 914 1580 970 entia
1591 914 1730 972 amieria
1740 916 1873 979 miltites.

260 982 288 1037 i.
310 981 362 1047 Qut
379 992 454 1037 erant
469 981 608 1049 Calatini,
626 991 650 1036 rt
663 981 816 1038 l’iceletlrai.

263 1052 291 1108 5.
310 1053 349 1105 lte
363 1067 393 1106 ea
404 1053 474 1123 quod
486 1052 538 1122 ptis
552 1052 637 1107 Druid
650 1052 797 1107 sacerdotes
809 1050 889 1121 luisse
903 1052 1040 1107 dieantur.

263 1124 290 1178 li.
309 1121 387 1248 Οιιοιέ
403 1127 513 1246 spasmon
522 1121 599 1246 plina
615 1120 703 1204 Naar,
727 1122 826 1177 nunriis
844 1122 929 1176 llarld
943 1122 978 1176 ad
991 1120 1180 1179 consolandum
1191 1138 1252 1178 eum
1265 1137 1344 1194 super
1355 1130 1466 1179 mortem
1477 1124 1561 1196 patris
1573 1123 1690 1194 directis,
1705 1136 1787 1184 vestm
1797 1129 1877 1187 scidit

331 1204 354 1247 et
390 1211 421 1247 ar
438 1210 520 1247 arnse
541 1203 670 1247 narrarit.

262 1265 289 1319 i.
308 1263 346 1318 lie
366 1265 515 1323 renitentia
530 1263 625 1328 doum,
639 1278 698 1332 qun
709 1274 832 1334 suscepta
849 1271 903 1327 est,·
921 1260 987 1317 Saul
999 1277 1070 1327 ocra,
1084 1261 1232 1332 reprobata.
1518 1317 1524 1322 ,

261 1336 289 1390 8.
308 1334 346 1389 lle
359 1351 389 1390 eo
404 1335 474 1405 arrad
490 1334 571 1388 liade
588 1333 692 1388 lialath
706 1334 851 1399 ciuitatem,
863 1350 942 1404 qaam
957 1330 1026 1387 lauh
1040 1333 1221 1403 oppanguntur,
1235 1332 1319 1388 uictor
1331 1330 1454 1392 uitiauit.

261 1407 288 1459 9.
308 1404 347 1459 lle
360 1422 390 1458 ca
400 1407 470 1476 guod
484 1404 567 1458 llaoid
585 1404 700 1459 dhralou
715 1405 818 1475 lugiens
829 1405 917 1458 decem
933 1403 1091 1457 concubinas
1106 1401 1141 1455 ud
1154 1402 1353 1460 custodiendam
1368 1407 1476 1459 domum
1491 1404 1612 1477 reliquit.

243 1476 289 1530 ih.
310 1473 387 1540 Quod
399 1475 512 1530 atheoton
526 1485 626 1544 patrem
658 1491 806 1544 eneruem,
817 1472 974 1528 concubinas
988 1489 1054 1544 quas
1066 1479 1142 1543 pater
1151 1472 1223 1526 domi
1242 1470 1405 1543 reliquerat,
1419 1473 1529 1529 consilio
1539 1475 1717 1548 achitophells
1727 1477 1848 1548 sedarit.

242 1546 287 1601 ll.
309 1546 348 1600 lte
360 1561 390 1600 ro
405 1547 473 1616 qnod
489 1544 563 1609 Soli,
581 1556 604 1599 et
650 1547 725 1600 aeltir
735 1556 759 1599 et
769 1544 901 1600 Bersellai
912 1540 1064 1598 Galaadites
1076 1542 1225 1598 attuierunt
1233 1541 1324 1599 oana-
1340 1543 1369 1598 in
1381 1544 1476 1600 cautis
1486 1545 1599 1602 Madian
1609 1550 1750 1616 stratoria,
1764 1559 1792 1605 et
1803 1558 1881 1624 tepr-

270 1645 275 1653 ·
331 1617 387 1682 tia,
398 1627 422 1669 et
440 1629 502 1670 oasa
517 1625 541 1670 et
557 1631 667 1686 quaque
677 1616 713 1670 sd
729 1616 800 1672 eidos
819 1614 980 1670 massoria.

242 1686 287 1741 ii.
308 1685 347 1741 Dr
358 1704 389 1742 eo
401 1687 471 1755 quod
485 1685 582 1744 dieitur
614 1687 684 1744 iures
697 1687 779 1757 [uisse
790 1702 855 1757 qaas
870 1694 1066 1753 consumpserat
1080 1682 1165 1744 saltem
1175 1683 1209 1741 de
1222 1682 1320 1756 populo
1331 1699 1412 1756 asom
1425 1684 1467 1740 illi
1484 1703 1550 1758 guas
1564 1695 1700 1744 voraverat
1712 1686 1832 1760 gladius.

243 1756 288 1812 te.
311 1755 388 1839 Quod
403 1756 533 1814 Bersellui
551 1702 703 1812 Conceditur
724 1773 804 1828 usque
822 1755 969 1812 ludanem
981 1771 1041 1809 cum
1055 1771 1115 1827 rege
1130 1753 1216 1809 llauid
1235 1755 1341 1811 ueniens
1358 1763 1383 1810 et
1402 1753 1571 1815 Hierusalem
1582 1773 1669 1813 secam
1679 1774 1787 1832 perpere
1799 1775 1881 1816 recut-

328 1837 405 1881 saort.

244 1895 289 1952 tt
311 1895 388 1963 Quod
404 1897 490 1958 haria
508 1898 596 1951 decem
620 1895 798 1963 marchises,
821 1912 888 1969 quas
904 1895 980 1954 domi
998 1894 1161 1968 reliquerat,
1187 1894 1295 1952 redime
1314 1896 1344 1953 ln
1368 1897 1517 1954 amandiano
1534 1898 1667 1967 rmtttu,
1684 1907 1780 1957 mast
1803 1898 1880 1957 slus
1997 1981 1998 1984 Ἴ

325 1969 463 2072 'ingressus
474 1969 508 2026 acl
520 1984 575 2022 aas.

244 2038 289 2164 i}
307 2037 581 2191 &mammarum
590 2108 694 2163 tertium
707 2106 803 2191 hallam
818 2107 847 2190 in
857 2105 912 2163 Gal
922 2117 1015 2163 contra
1029 2106 1197 2163 Philirthoeas
1211 2107 1309 2178 luisse,
1326 2109 1354 2165 ln
1365 2125 1417 2182 quo
1427 2109 1556 2183 percurrit
1569 2108 1723 2166 adeodatus
1735 2107 1812 2179 tilius
1822 2109 1880 2167 sal·

243 2247 287 2304 tt.
308 2175 1056 2332 Disuuialmgdmelignatr‘:dffiiliilrednffpreiiiii'siss'urczfiws
1068 2249 1139 2306 inter
1149 2258 1219 2316 tres,·
1236 2249 1291 2321 ipss
1301 2249 1380 2320 asaal
1390 2251 1546 2310 tenerrimus
1556 2250 1621 2324 ligni
1635 2249 1814 2320 vermiculus,
1830 2250 1883 2326 psi

242 2386 286 2444 l8.
305 2320 823 2454 Qmma‘pergurpabmppewoeoi
833 2399 857 2446 et
872 2388 946 2445 donea
960 2390 988 2445 in
1003 2387 1185 2445 holocaustum
1199 2389 1333 2461 offerendo
1344 2398 1435 2447 tanaro
1450 2391 1534 2463 pretia
1547 2392 1718 2465 consparauit.

955 2501 1110 2572 dadinum
1124 2501 1253 2573 capitia.

314 2651 635 2748 INCIPIUNT
669 2650 1047 2796 TESTIMONIA
1073 2649 1242 2748 LIBRI
1276 2649 1534 2752 SECUNDI
1571 2651 1799 2756 REGUM.

494 2817 611 2876 CAPUT
629 2819 776 2878 intituli.
1048 2818 1191 2885 thitum
1204 2834 1257 2875 noir
1271 2821 1390 2888 enihait,
1403 2829 1431 2877 tu
1443 2837 1516 2879 cura
1532 2827 1709 2886 sacerdotalis
1718 2831 1800 2891 olh'cii
1814 2847 1883 2896 enui-

470 2910 504 2966 in
519 2910 585 2967 lilro
602 2909 806 2969 Gonnmhiano.
1085 2909 1208 2965 lhnderls
1218 2924 1281 2998 arce
1294 2910 1468 2980 descendere,
1479 2922 1511 2969 nt
1521 2913 1547 2969 in
1558 2916 1728 2986 poenitentia
1737 2924 1883 2994 sepulum

279 3024 290 3060 r
305 3006 362 3061 Nec
375 3003 499 3068 deiciat,
516 3004 554 3059 ait
566 3004 669 3073 uario,
689 3006 723 3061 de
737 3005 817 3061 domo
837 3002 906 3061 loch
919 3001 1036 3061 Gomon·
1085 2999 1229 3057 conclusus
1242 3010 1268 3057 te
1278 3002 1349 3058 inter
1359 3001 1435 3060 nisos
1455 3005 1567 3062 studeas
1581 3008 1660 3077 quasi
1674 3022 1812 3072 mortuum
1831 3018 1883 3076 de-

241 3085 319 3156 rhian
333 3095 593 3169 sustinensltllieg.
604 3095 675 3169 nd.»
689 3094 742 3153 Pro
752 3111 807 3167 qun
817 3097 936 3153 soconda
948 3105 1036 3153 trans·
1084 3092 1202 3165 putaret
1222 3091 1256 3148 lit
1269 3101 1298 3148 ut
1313 3092 1432 3150 adiliam
1454 3094 1523 3153 loah
1542 3100 1685 3170 mysticam
1705 3119 1885 3169 resumamus

241 3191 306 3247 latio
332 3190 413 3245 hahet
444 3185 545 3243 durum
570 3187 681 3245 matrinis
700 3188 837 3244 sustineus
859 3195 886 3245 et
912 3185 1036 3259 leprosus
1084 3186 1271 3255 historiam,si
1290 3187 1348 3259 ipse
1366 3186 1455 3262 gladio
1469 3190 1620 3258 corruisti,
1645 3199 1882 3265 quomodoaliam

241 3293 338 3338 tenens
364 3280 475 3348 iusum,
494 3287 522 3335 et
546 3281 646 3335 cadens
668 3278 758 3351 gladio
771 3286 799 3333 et
813 3278 938 3351 indigens
950 3290 1033 3350 pane.
1084 3289 1132 3348 per
1154 3275 1349 3333 sacerdotalem
1375 3278 1490 3350 gratiam
1505 3283 1670 3340 suscitabis?
1683 3286 1713 3343 st
1728 3288 1799 3359 ipse,
1822 3293 1882 3349 exi·

240 3376 329 3445 Lepra
349 3374 450 3447 quippe
474 3371 648 3445 pertunditur
671 3373 717 3445 qui
732 3372 823 3444 gravis
848 3371 953 3443 peccati
974 3369 1036 3426 taho
1084 3366 1212 3438 gentibus
1226 3366 1341 3436 melitii,
1357 3365 1463 3441 inditis
1476 3384 1557 3442 idne·
1573 3373 1601 3429 id
1612 3383 1668 3440 etl,
1685 3376 1820 3435 achristt
1838 3395 1886 3437 se-

241 3470 379 3536 meleter,
395 3467 483 3524 trusum
508 3481 574 3522 nero
586 3474 681 3522 tenere
700 3474 741 3521 est
758 3464 845 3521 virilis
867 3464 930 3519 sitae
954 3461 1035 3519 tortia
1085 3468 1237 3530 persultet
1252 3473 1377 3532 corpore,
1390 3476 1444 3534 quo
1457 3476 1537 3535 iacto
1549 3464 1747 3541 allumpnterts
1758 3472 1885 3532 calestia

241 3559 314 3617 iacta
331 3558 485 3630 relinquere
510 3566 539 3613 et
559 3556 683 3613 leminea
708 3556 923 3612 conuersationis
942 3553 1034 3610 iiiece-
1085 3564 1186 3606 menete
1198 3549 1313 3622 dapibus
1329 3553 1446 3610 satiare?
1466 3553 1495 3611 st
1509 3564 1537 3611 tu
1551 3555 1625 3614 Ozias
1639 3559 1711 3633 lepra
1723 3578 1754 3619 es
1768 3580 1882 3635 percus·

243 3652 354 3707 brocam
370 3648 511 3705 mollitiem
531 3647 672 3705 exhihere·
687 3645 784 3703 Gladio
804 3645 877 3702 cadit
892 3645 938 3716 qui
956 3643 1035 3701 iurn-
1086 3653 1134 3696 sus
1145 3639 1173 3696 in
1184 3638 1289 3709 trente,
1303 3643 1356 3699 hoc
1370 3653 1428 3712 est.
1442 3644 1562 3703 infantiae
1575 3656 1638 3706 nom
1651 3652 1841 3712 dehonestaris
1853 3655 1881 3712 in

243 3758 301 3798 rem
329 3742 427 3797 diuina
454 3739 649 3811 indignationis
671 3737 796 3795 incurrit.
820 3738 893 3794 Pane
916 3738 1034 3809 indiget,
1085 3727 1177 3800 faeie.
1197 3734 1332 3802 quomodo
1354 3734 1436 3790 alium
1458 3738 1561 3825 ppteris
1584 3741 1701 3798 obducta
1729 3746 1881 3817 perpetrati

242 3849 323 3904 quaem
342 3848 358 3888 a
377 3831 551 3903 perceptione
573 3827 674 3887 Christi
694 3829 816 3900 corporis
827 3828 930 3901 proprii
943 3836 1036 3884 reatus
1085 3822 1207 3880 criminis
1225 3823 1360 3881 oblivione
1381 3828 1517 3901 purpurei
1538 3829 1689 3889 Erubescat
1704 3849 1769 3908 ergo
1789 3844 1880 3894 tume-

241 3940 321 3999 poena
333 3931 451 3981 coercet.
468 3921 535 3979 cille
543 3929 584 3978 est
594 3922 666 3977 enim
677 3921 755 3992 panis
766 3921 853 3985 virus,
866 3918 912 3990 qui
923 3920 956 3976 de
966 3917 1038 3975 coelo
1084 3914 1157 3986 lacta
1169 3918 1308 3989 superbia,
1320 3933 1371 3976 nec
1380 3936 1461 3991 super
1470 3937 1501 3978 se
1511 3924 1603 3980 extottt
1617 3925 1736 3983 inaniter
1749 3939 1882 4001 appetat,

242 4017 382 4073 descendit
402 4015 494 4087 (loon.
509 4013 558 4086 u).
576 4032 586 4068 a
612 4012 641 4070 Si
654 4027 718 4086 ergo
731 4022 793 4084 post
805 4012 906 4068 hairum
923 4009 1035 4067 seminis
1086 4023 1166 4084 auam
1178 4007 1249 4066 inira
1264 4024 1294 4067 se
1306 4011 1411 4084 proprii
1430 4022 1522 4070 reatus
1532 4015 1645 4073 sarcina
1657 4033 1712 4075 non
1731 4019 1883 4078 mediocri·

241 4108 367 4181 leprosus
381 4107 470 4162 taetus
491 4105 626 4177 precepto
640 4104 707 4177 legis
725 4115 803 4160 extra
818 4112 908 4160 castra
924 4115 1038 4159 manere
1087 4105 1130 4162 ter,
1141 4106 1245 4172 gravat.

242 4197 427 4270 compelleris,
447 4212 498 4252 cur
516 4194 604 4252 adhuc
624 4189 651 4251 in
666 4195 768 4252 eisdem
779 4194 878 4250 castris
890 4195 972 4250 etiam
986 4186 1075 4248 hali
1347 4188 1425 4264 191
1445 4190 1561 4250 eaput
1581 4191 1615 4251 ti.

242 4289 318 4344 noris
339 4289 485 4360 primatum
507 4287 631 4342 ohtinere
654 4286 812 4343 cernendis?
830 4285 956 4356 Notiquid
980 4300 1036 4346 non
1102 4293 1118 4316 ³
1278 4278 1312 4336 ln
1330 4298 1449 4337 sermone
1464 4282 1496 4338 de
1511 4282 1543 4341 S.
1560 4283 1698 4342 llattlrrea.

242 4378 323 4436 02:2⁸
339 4392 388 4435 res
402 4392 464 4433 cum
486 4376 602 4446 superbe
616 4376 724 4432 adolere
739 4379 878 4432 incensum
900 4389 982 4444 snper
995 4374 1036 4429 ai·
1121 4371 1189 4428 Cum
1212 4371 1297 4428 David
1310 4388 1359 4444 per
1371 4373 1479 4431 Nathan
1497 4376 1658 4448 prophetam
1674 4378 1823 4436 clementia
1838 4380 1884 4438 di·

243 4479 303 4528 tare
316 4467 501 4541 thymiamatis
513 4466 654 4532 inlusisset,
669 4475 810 4536 postquam
824 4480 854 4520 se
866 4465 943 4535 plaga
955 4465 1036 4535 leprae
1086 4460 1149 4518 siaa
1166 4463 1337 4533 promitteret
1351 4479 1384 4520 ex
1398 4462 1456 4534 ejus
1470 4468 1575 4523 semiue
1587 4468 1757 4526 naseiturum
1771 4472 1820 4543 qui
1832 4487 1884 4530 sua

242 4560 649 4632 coelituspercussumagnovit.
664 4559 1037 4616 conmodaasacerdotihus
1087 4563 1181 4608 sancto
1207 4554 1310 4608 lauwini
1335 4564 1506 4612 construeret
1529 4559 1660 4631 templum
1685 4570 1713 4615 et
1735 4559 1880 4619 Christum

242 4654 277 4709 de
287 4652 386 4725 templo
397 4651 493 4723 expelli
504 4652 640 4723 patienter
655 4650 730 4715 tulit,
742 4651 790 4706 sed
804 4660 832 4707 et
843 4651 900 4723 ipse
912 4649 1038 4706 celeriter
1088 4646 1231 4703 ntarrileste
1257 4649 1419 4706 denuntians
1440 4651 1605 4723 adiecisset:
1622 4674 1630 4705 ι
1645 4654 1701 4728 Ego
1721 4670 1769 4711 ero
1792 4655 1831 4712 illi
1854 4657 1883 4713 iu

243 4743 336 4815 egredi
357 4740 513 4798 lestinaviti
532 4740 669 4812 Scriptum
694 4741 793 4812 quippe
813 4750 855 4797 est
868 4758 875 4795 ε
890 4759 900 4792 a
915 4739 1038 4810 Cumque
1087 4749 1240 4810 patrem‚et
1250 4740 1307 4812 ipse
1317 4743 1443 4799 eritntihi
1455 4744 1480 4800 in
1490 4743 1572 4801 hlium
1585 4741 1629 4818 (tt
1640 4746 1794 4819 liegnrip
1809 4765 1885 4805 mox·

244 4832 413 4905 respexisset
426 4849 487 4888 cum
499 4831 613 4889 haurias
628 4832 747 4905 pentilex
774 4841 801 4890 et
822 4847 917 4889 ornnes
938 4831 1037 4903 reliqui
1087 4846 1140 4900 qtae
1155 4832 1314 4902 Ecclesiam,
1328 4851 1389 4907 qrrae
1400 4853 1498 4909 corpus
1515 4848 1557 4895 est
1572 4839 1689 4907 diunisii,
1700 4843 1788 4913 qrrniis
1810 4856 1884 4902 esset

243 4927 411 4993 sacerdotes,
428 4926 559 4981 viderunt
570 4923 673 4995 lepram
687 4925 714 4979 in
729 4925 819 4980 ironte
830 4923 904 4993 ejus,
918 4933 947 4980 et
960 4921 1038 4978 iesti—
1088 4922 1195 4989 lutura,
1210 4925 1401 4995 depromeret,
1417 4928 1530 4986 dicens:
1546 4931 1600 4986 rh't
1615 4932 1702 4988 idelis
1719 4935 1773 4990 erit
1783 4936 1884 4992 domus

243 5023 308 5071 nato
321 5013 485 5086 expulerunt
504 5030 577 5071 eum.
594 5034 604 5068 a
619 5014 735 5084 Moxque
748 5006 940 5086 subjungitur:
959 5033 968 5066 c
982 5012 1037 5070 Sed
1089 5021 1145 5080 trra,
1161 5024 1188 5071 et
1202 5029 1312 5088 regnum
1328 5028 1500 5091 taurinusque
1515 5021 1542 5077 in
1561 5032 1693 5078 aternum
1707 5032 1770 5079 ante
1781 5024 1883 5083 lactem

244 5115 272 5162 et
291 5107 348 5176 ipse
363 5107 535 5176 perterritus,
552 5106 716 5162 acceleravit
731 5107 839 5177 egredi,
850 5121 883 5162 ee
895 5108 966 5176 quod
977 5122 1038 5162 sen·
1089 5121 1198 5171 meam,
1218 5116 1246 5163 et
1262 5109 1376 5165 thronus
1399 5122 1461 5168 tuus
1483 5113 1536 5167 erit
1550 5112 1645 5169 hrmus
1665 5114 1777 5187 jugiter.
1799 5136 1809 5169 r
1839 5117 1883 5173 iile

244 5200 326 5257 sisset
339 5199 409 5256 illico
420 5197 526 5273 plagam
542 5201 648 5256 Domini
671 5199 715 5270 (ll
730 5200 794 5256 Par.
810 5202 897 5271 xxvi).
913 5219 923 5252 r
948 5198 975 5255 Si
988 5214 1038 5254 rex
1089 5199 1300 5270 gratianensem,
1324 5202 1396 5257 inter
1408 5212 1506 5266 catera
1522 5205 1655 5263 orationis
1667 5222 1723 5262 suae
1743 5208 1830 5263 recha
1845 5208 1882 5264 sic

245 5290 377 5362 corporali
402 5290 477 5363 lepra
504 5307 649 5361 percussus
679 5292 900 5350 asacerdotihus
923 5289 984 5360 ejici
1004 5290 1038 5345 de
1089 5292 1147 5348 ait:
1163 5291 1239 5349 «Sed
1262 5303 1291 5350 et
1310 5310 1406 5365 pamm
1428 5297 1517 5353 uisum
1533 5305 1577 5353 est
1599 5298 1626 5354 in
1645 5307 1795 5368 conspectu
1820 5308 1881 5364 tua.

246 5383 345 5455 templo
364 5369 417 5438 non
435 5383 611 5454 contempsit,
632 5392 660 5438 tu
678 5383 800 5453 leprosus
819 5380 847 5435 in
877 5382 968 5436 anima
989 5395 1039 5436 eur
1089 5383 1202 5462 Domine
1214 5386 1284 5441 Deus
1298 5402 1385 5454 rocus,
1396 5389 1458 5459 quia
1467 5389 1585 5445 dilexisti
1597 5405 1653 5456 ruo,
1664 5390 1718 5446 nisi
1727 5390 1882 5460 inaurareris

246 5484 287 5530 tot
305 5486 462 5533 sanctorum
478 5476 588 5532 Petrum
600 5476 704 5548 judicio
720 5492 735 5530 a
750 5475 836 5532 sacris
849 5474 979 5529 altaribus
994 5488 1039 5529 re-
1090 5476 1172 5531 etiam
1193 5476 1226 5533 de
1238 5477 1319 5535 domo
1331 5479 1402 5534 serni
1419 5481 1499 5535 tulin
1520 5479 1714 5552 longinquum
1733 5501 1743 5534 a
1765 5496 1883 5553 mergare

241 5556 348 5623 'ntoreri
363 5583 416 5626 tren
438 5569 558 5640 pateris?
571 5567 599 5624 Si
612 5568 688 5640 ipse,
708 5566 826 5624 demisso
846 5565 926 5637 regiae
947 5545 1073 5635 digni·C
1090 5567 1229 5637 suhjtmxit
1242 5588 1249 5624 s
1264 5589 1273 5623 r
1289 5570 1341 5626 ista
1357 5580 1399 5628 est
1411 5572 1482 5627 enim
1498 5571 1542 5628 ier
1561 5573 1659 5640 Adam,
1675 5573 1791 5629 homine
1813 5572 1883 5630 hers

242 5649 312 5713 'tntis
332 5658 468 5728 imperia,
491 5658 614 5717 habitare
635 5660 664 5716 io
682 5660 761 5717 domo
779 5659 883 5731 privata
901 5658 1036 5728 usquead
1091 5659 1196 5733 (idid).
1207 5661 1265 5719 ahc
1274 5663 1295 5719 si
1306 5663 1449 5735 perspicue
1460 5663 1667 5722 dicat:8icutin
1676 5666 1778 5723 terreni
1791 5665 1882 5722 muudi
