4017 6192
267 311 321 369 iii
498 300 528 357 S.
540 296 643 355 estut
660 292 803 352 unumst
817 289 882 347 ort
896 285 1030 346 ’nouus
1048 285 1112 345 SEU
1124 281 1215 341 PARS
1233 282 1276 341 ΙΙΙ.
1292 311 1325 323 -
1342 280 1525 341 cruscula
1544 279 1659 340 vuilla,
1845 284 1901 339 258

268 431 365 485 eadem
389 419 567 479 nihilominus
586 424 656 470 ratio
678 416 720 468 est
740 407 885 469 reddenda,
902 413 1004 473 quaet
1023 402 1056 459 de
1069 400 1233 468 Aridelicet
1243 400 1334 458 oilleia
1346 416 1407 474 qnae
1416 398 1553 471 descripta
1561 408 1637 468 sunt,
1653 399 1690 456 ita
1703 399 1898 473 possinteqna

269 515 433 587 vespertine
446 508 533 565 laudis
547 502 635 553 officio
647 502 690 550 est
709 495 835 565 superios
856 494 979 548 absoluta
996 511 1002 547 :
1018 494 1058 548 ri·
1103 496 1240 566 parilitate
1257 494 1439 562 distributor
1453 509 1487 550 ex
1501 493 1544 550 his
1554 494 1626 550 nocti
1639 502 1767 564 quatuor,
1778 505 1898 566 quatuor

269 605 364 663 murm
379 604 408 647 m
430 606 479 662 per
498 585 658 659 quadrifida
676 584 834 656 psalmodiae
853 598 995 639 numerum
1011 584 1057 640 do
1106 578 1188 632 etiam
1201 576 1256 632 diei
1273 583 1457 646 competenter
1478 576 1621 632 rideantur
1644 577 1748 646 aptari3
1763 586 1898 648 quatenus

266 681 468 753 ceantur216
490 679 611 750 arripere
628 677 740 733 totidem
765 682 965 747 consequenter
979 688 1057 730 arma
1106 666 1487 737 lemimrfflmliiewiium·
1504 667 1898 731 noetomammatortoatam

240 808 243 814 ν
266 777 395 830 uirtutum
413 791 420 827 ε
436 771 533 844 quihus
558 770 673 825 accincti
688 778 716 823 et
731 766 948 822 latrocinantium
973 765 1056 820 ritio·
1107 757 1143 811 ad
1165 766 1288 821 noctem;
1315 756 1400 824 prima
1414 768 1490 819 Vm·
1505 756 1595 821 tertia,
1610 764 1687 811 80118
1703 765 1731 812 θῑ
1746 771 1817 813 ⁰⁰⁰⁸
1832 772 1898 814 ⁰⁰⁰·

265 880 326 922 ruru
339 874 413 936 terga
427 861 579 933 perfodere,
595 867 624 914 et
643 858 756 914 hostiles
769 856 956 915 insidiatorum
973 855 1056 926 spiri·
1106 861 1172 918 stlte
1182 846 1359 902 conserentur
1370 847 1403 901 dd
1415 846 1496 902 ditm·
1511 845 1592 918 217
1603 845 1652 902 (lui
1666 847 1792 904 videlicet
1806 864 1899 905 osser·

267 964 342 1011 tuum
368 954 507 1009 valeamus
533 950 648 1020 impetus
682 948 853 1019 propulsare.
877 946 1057 1016 ilariosmodl
1105 939 1173 994 tioui
1193 939 1252 1009 ipsa
1276 952 1396 1008 vespere
1425 952 1465 992 ac
1480 938 1576 1008 primae
1597 938 1725 995 videntur
1752 940 1897 1011 astipulari

266 1057 363 1113 nempe
373 1052 484 1098 enarrat
498 1039 627 1095 excubias
641 1037 791 1106 Scriptura,
807 1050 868 1091 eum
882 1037 965 1091 dicit:
985 1054 995 1087 ι
1015 1036 1054 1090 Ειι
1106 1028 1328 1094 vocabularium
1344 1035 1371 1084 et
1393 1040 1535 1097 uesperum
1552 1042 1566 1081 a
1591 1027 1666 1083 stella
1691 1029 1817 1100 hespero,
1835 1047 1898 1100 quae

265 1133 395 1189 lectulum
424 1130 578 1186 Salomonis
602 1127 743 1197 sexaginta
768 1125 853 1181 lortes
880 1126 1054 1181 ambientes
1105 1120 1156 1175 sub
1178 1120 1237 1190 ipso
1261 1119 1348 1174 noetis
1367 1118 1446 1173 initio
1462 1118 1602 1185 clarescit,
1626 1119 1837 1188 denominetur;
1870 1132 1898 1177 et

266 1221 422 1277 lautissimis
438 1218 522 1275 lsrael
546 1234 553 1274 :
572 1217 718 1286 unicuique
743 1216 818 1271 ensis
842 1228 908 1270 suus
922 1229 1004 1284 super
1016 1213 1056 1284 le:
1104 1210 1203 1280 prima,
1217 1208 1318 1279 quota
1339 1224 1369 1265 se
1383 1210 1442 1265 dies
1455 1208 1577 1280 incipiat,
1592 1213 1735 1282 perspicua
1757 1213 1898 1271 nihilomi-

267 1328 329 1368 mur
347 1321 459 1382 propter
473 1312 584 1365 timores
597 1316 745 1363 nocturnos
768 1306 856 1378 (Ceut.
866 1304 934 1376 ιιι).ι
948 1305 989 1359 Ex
1003 1304 1053 1359 de·
1105 1315 1157 1357 nris
1185 1302 1227 1358 sui
1253 1302 1371 1358 nominis
1405 1301 1579 1370 expressione
1619 1311 1743 1359 testetur.
1774 1303 1898 1375 Cumque

265 1401 322 1456 bito
336 1411 426 1457 autem
442 1400 584 1455 reddenda
599 1398 711 1453 rationis
734 1412 816 1467 super
830 1396 917 1459 trihus
942 1394 1055 1465 psalmis
1105 1406 1219 1463 vespera
1246 1390 1344 1458 noctis,
1370 1393 1457 1464 prima
1489 1406 1554 1448 rero
1580 1393 1635 1463 diei
1649 1394 1752 1464 pandat
1778 1395 1896 1460 initium,

265 1501 360 1548 saneta
384 1506 434 1547 uos
457 1491 576 1546 Trinitas
594 1489 716 1558 expedit3
747 1488 797 1544 soh
825 1485 902 1556 cujus
926 1487 1053 1541 nimirum
1104 1494 1274 1556 consequens
1303 1493 1355 1551 est,
1380 1493 1408 1538 ut
1430 1483 1565 1541 ahsltero
1589 1493 1735 1552 nocturna,
1753 1487 1788 1542 ab
1807 1487 1896 1543 attero

264 1582 405 1653 signaculo
440 1590 581 1652 peractum
610 1581 680 1635 diem
708 1577 912 1649 completorium
940 1577 1052 1632 claudit.
1104 1575 1201 1631 diurna
1220 1576 1349 1631 inchoare
1363 1574 1558 1645 perhibeantur
1567 1572 1664 1631 officia.

266 1673 342 1728 Sicut
368 1673 440 1727 enim
469 1672 562 1740 primae
579 1672 654 1725 horae
677 1669 807 1733 officium,
830 1675 859 1723 ut
874 1676 1053 1738 praetaxatum
1398 1664 1512 1722 CAPUT
1535 1664 1588 1721 Vll.

265 1770 319 1827 est,
343 1760 372 1816 8.
390 1760 531 1816 Trinitatis
555 1759 617 1813 tidei
642 1757 790 1820 dedicatur,
805 1758 841 1812 ita
864 1766 892 1812 et
904 1756 1052 1826 completo·
1070 1763 1092 1823 Β
1175 1757 1328 1813 Mensarum
1350 1757 1498 1827 resectionis
1526 1757 1707 1812 excedentium
1729 1774 1817 1829 peno.

266 1854 337 1906 rium
352 1852 378 1908 in
393 1850 513 1920 ejusdem
538 1850 567 1904 S.
582 1849 723 1904 Trinitatis
749 1849 902 1903 assertione
914 1846 1054 1903 concludi·
1142 1845 1205 1902 llaec
1222 1847 1302 1917 plane
1313 1854 1356 1901 est
1368 1845 1498 1917 quadriga
1510 1848 1620 1918 duplex,
1637 1848 1664 1903 iu
1687 1863 1740 1919 qua
1765 1864 1838 1906 nunc
1863 1851 1898 1906 ad

268 1951 318 2004 tur,
332 1950 362 1995 ut
375 1943 418 1996 eui
430 1941 512 1995 totius
527 1940 579 1994 diei
590 1955 686 1995 cursus
697 1938 816 1994 militare
833 1937 1010 2009 dignoscitur,
1027 1938 1055 1992 iu
1105 1936 1226 1994 etelestia
1240 1951 1322 2007 regna
1336 1936 1478 2003 testinans,
1493 1945 1586 1993 sancta
1599 1945 1723 1993 rectatur
1745 1938 1866 1995 Ecclesia
1888 1958 1895 1994 ε

265 2045 326 2085 eom
339 2040 454 2101 peracte
466 2030 574 2085 tandem
589 2030 657 2084 lueis
668 2029 789 2083 clausula
808 2030 977 2085 terminetur.
993 2028 1056 2086 liaec
1105 2029 1133 2084 in
1147 2029 1199 2084 hac
1213 2027 1330 2097 denique
1342 2027 1474 2099 quadriga
1487 2026 1540 2083 iter
1553 2026 1617 2092 diei,
1633 2028 1777 2098 noctisque
1787 2042 1899 2099 persor·

265 2120 355 2190 ltaque
373 2122 407 2177 de
428 2120 531 2177 diunris
561 2121 688 2175 horarum
706 2118 802 2175 officiis
829 2120 966 2175 succincte
995 2134 1057 2190 per·
1107 2131 1179 2182 rens,
1193 2116 1304 2187 illisqui
1324 2116 1389 2173 dicti
1404 2124 1468 2172 suut
1484 2133 1491 2171 :
1509 2116 1612 2171 Currus
1634 2116 1683 2172 [lei
1702 2119 1796 2173 decem
1815 2117 1899 2173 millia

264 2210 444 2275 strinximus,
459 2219 488 2263 ut
503 2208 537 2264 ad
559 2209 624 2279 quid
648 2208 779 2263 institutae
802 2209 868 2274 sint,
887 2208 930 2264 rel
942 2223 991 2263 our
1005 2208 1057 2263 sarh
1106 2208 1246 2280 multiplex
1258 2207 1345 2280 (Psoi.
1355 2207 1513 2280 excubiam
1525 2208 1609 2264 Deum
1621 2206 1896 2280 laudandojungitur,

266 2301 378 2371 praelixo
403 2300 570 2370 psalmorum
590 2297 696 2353 calculo
721 2299 910 2366 terminentur,
929 2297 1057 2354 ermelen-
1106 2314 1188 2371 quem
1203 2298 1375 2369 postmodum
1390 2299 1507 2355 videndo
1530 2312 1579 2369 per
1607 2299 1735 2369 speeiem,
1748 2312 1899 2368 eorumque

265 2392 318 2445 tius
332 2391 522 2462 panderemus.
543 2389 672 2460 Quisquis
700 2389 791 2460 itaque
810 2400 913 2462 septem
929 2391 988 2447 baec
1008 2406 1057 2447 ca·
1106 2391 1180 2448 lelicl
1195 2390 1517 2461 consortioperiruetur.
1541 2391 1580 2447 lie
1602 2391 1701 2462 quibes
1715 2391 1836 2462 prolecto
1849 2404 1899 2462 per

264 2481 423 2536 nonieorum
449 2481 577 2536 horarum
600 2479 699 2547 oliicia,
724 2480 879 2550 quotidiana
894 2482 949 2538 lieo
974 2483 1057 2538 dero·
1106 2480 1398 2554 prophetandicltur:
1415 2498 1424 2532 s
1442 2480 1510 2548 Quia
1530 2495 1584 2536 ιιοιι
1602 2483 1749 2538 cessabunt
1764 2492 1845 2537 nocte
1864 2495 1899 2539 se

264 2570 339 2625 tione
369 2569 546 2640 persolverit,
579 2570 602 2623 si
630 2570 795 2640 agraribus
819 2569 871 2626 illis
897 2570 1057 2628 criminibus
1107 2572 1300 2635 dieelamare,
1320 2571 1471 2627 dicentes:
1497 2569 1898 2638 Sanetus,sarretus,saoctus,

263 2660 426 2717 omnimodis
444 2661 560 2726 alienus,
588 2674 604 2714 a
627 2660 731 2715 levibus
743 2674 851 2730 quoque
868 2669 1057 2730 septemque
1106 2661 1239 2719 Dominus
1250 2661 1322 2718 Deus
1337 2661 1480 2718 Sabaoth:
1502 2661 1553 2730 Qui
1568 2671 1621 2729 cst,
1635 2671 1663 2717 et
1675 2664 1721 2733 qui
1731 2672 1803 2729 erat,
1813 2673 1842 2719 et
1852 2665 1903 2733 qul
1969 2701 1972 2706 -

263 2754 560 2822 superiusenuoterata
578 2759 651 2815 sont,
677 2752 846 2822 inquantum
870 2751 1058 2806 humanalra·
1106 2762 1237 2809 venturus
1248 2754 1476 2824 estornnlpoteus
1498 2754 1591 2825 (Aper.
1615 2753 1664 2827 rr).
1699 2775 1709 2807 r
1738 2753 1899 2828 Quanquam

264 2842 354 2912 gilitas
367 2842 477 2912 patitur,
491 2856 554 2897 cum
568 2841 615 2895 liei
636 2840 823 2895 subvenientis
836 2840 937 2895 auxilio
953 2849 1056 2910 tempe·
1107 2845 1189 2915 igitur
1206 2854 1261 2902 tota
1275 2846 1342 2917 justi
1360 2847 1415 2902 rita
1430 2846 1518 2902 oratio
1548 2846 1584 2903 sit
1608 2847 1804 2904 rationabiliter
1826 2864 1901 2904 asse·

266 2933 345 2998 rasit,
361 2931 397 2987 ab
421 2932 464 2986 his
477 2946 537 3001 quae
549 2946 645 2986 carere
665 2946 718 2985 ιιοιι
732 2939 830 3000 potest,
845 2939 875 2985 ut
889 2930 1057 2986 confidenter
1107 2938 1204 3005 penda,
1216 2946 1305 2994 minen
1315 2937 1508 2994 etnnsintlrmi
1518 2938 1672 2994 mandarum
1686 2940 1899 3011 ,emper-omui

264 3023 363 3088 dicam,
379 3023 406 3077 in
423 3024 549 3078 examine
563 3021 697 3077 tremendi
717 3019 812 3090 judicii
832 3020 972 3077 absolutus
984 3023 1053 3088 erit;
1106 3028 1215 3085 anobis
1229 3028 1335 3099 impleri
1360 3028 1423 3099 iure
1445 3029 1617 3097 conlidimur,
1642 3031 1665 3087 si
1689 3032 1819 3088 canoniea
1841 3034 1901 3089 haee

264 3121 293 3167 et
308 3113 370 3182 quia
386 3125 459 3167 nunc
471 3110 593 3167 Creatori
608 3125 658 3165 suo
676 3125 729 3165 uon
745 3094 856 3182 negligit
867 3110 985 3180 injuncta
999 3126 1055 3169 suae
1068 3106 1092 3169 C
1106 3117 1296 3174 ecclesiasticas
1310 3118 1487 3175 institutionis
1507 3119 1594 3175 cilicia
1618 3121 1739 3191 quotidie
1762 3121 1901 3192 persolva·

263 3201 402 3257 servitutis
412 3200 542 3271 obsequia
565 3199 686 3262 reddere.
708 3206 772 3255 tunc
786 3200 871 3255 libera
888 3199 1055 3256 conscientia
1107 3222 1178 3264 mus.
1191 3207 1270 3277 Apud
1287 3207 1389 3267 Gallias
1401 3219 1492 3266 autem
1507 3212 1556 3282 (ut
1567 3210 1693 3281 specialis
1704 3211 1755 3267 riri
1766 3210 1902 3268 relatione

265 3307 327 3348 curn
342 3292 372 3347 il.
394 3292 489 3358 baviu,
512 3302 593 3360 atque
615 3290 698 3345 alacri
723 3291 902 3361 poteritrore
922 3301 1055 3346 cautam
1098 3296 1260 3369 didicimus)
1290 3297 1413 3369 religiosi
1442 3299 1630 3355 ererrobiorum
1657 3297 1753 3355 Patres
1776 3299 1926 3356 ridentes*

267 3382 384 3451 Septies,
410 3382 547 3451 inquiens,
566 3380 592 3434 io
608 3380 651 3435 die
664 3380 772 3434 laudem
795 3372 850 3434 disi
866 3380 926 3446 tihi,
942 3380 1058 3437 {lemine
1106 3385 1374 3458 plerosqueiratruor
1386 3388 1514 3444 traditam
1535 3403 1550 3443 a
1568 3387 1598 3443 it.
1612 3387 1760 3445 benedicto
1773 3388 1900 3462 (cupid)

267 3475 339 3530 ⁰⁶⁰⁸
352 3488 489 3539 meltune
506 3473 603 3543 perdas
617 3487 660 3527 me
671 3469 758 3542 (Ptol.
771 3469 877 3543 curru).
1107 3493 1263 3535 mensuram
1283 3478 1441 3536 reiectionis
1455 3480 1597 3541 excedere,
1610 3476 1660 3536 nec'
1678 3494 1707 3535 se
1728 3495 1808 3553 posse
1827 3481 1899 3536 intra

570 3559 685 3617 CAPUT
707 3559 752 3615 V!-
929 3610 931 3615 -
1108 3571 1298 3640 praescripturo
1313 3570 1446 3641 regularis
1456 3571 1537 3629 diarii
1552 3570 1666 3627 iimitem
1684 3571 1900 3639 cohibere,cau·

339 3657 416 3725 Quod
433 3656 557 3712 cominus
576 3655 797 3711 Ecclesioeerotr'o
814 3671 870 3711 erse
881 3656 984 3713 derat
1107 3670 1166 3718 turo
1196 3661 1342 3726 taxeam,
1355 3669 1386 3714 ut
1410 3662 1564 3718 constitutis
1592 3662 1745 3734 quibusque
1770 3664 1899 3720 horarum

301 3748 335 3805 Et
365 3748 493 3818 quoniam
527 3745 561 3801 ad
589 3747 724 3802 continua
740 3747 873 3803 orationis
898 3736 1056 3805 instantiam
1106 3749 1212 3810 ollleiis.
1222 3750 1324 3806 etalios
1336 3750 1425 3809 adhue
1438 3752 1557 3821 psalmos
1572 3761 1900 3824 apponerenuqoateaos

265 3842 368 3897 oscitat
380 3854 432 3895 uus
443 3838 598 3910 evangelica
611 3838 691 3903 tuba,
706 3837 800 3894 dicens
815 3854 823 3892 a
841 3856 851 3889 ι
868 3838 937 3905 Quia
949 3846 1059 3908 oportet
1108 3842 1195 3897 rictus
1210 3841 1375 3898 renissiorls
1392 3856 1533 3899 excessum
1546 3853 1691 3916 augmento
1703 3846 1809 3901 valeant
1819 3860 1896 3902 eom-

266 3946 375 4003 semper
387 3945 477 3997 orare,
495 3939 523 3986 et
538 3943 676 3998 nunquam
697 3926 815 3984 delicere
837 3927 915 3999 (Luc.
936 3927 1025 3999 xrur).
1044 3948 1054 3983 ι
1106 3950 1222 4008 papate
1240 3937 1415 4009 psalmorum.
1901 3988 1911 4011 ι

267 4024 301 4079 Ει
321 4022 466 4094 apostotus
485 4039 493 4076 ι
511 4038 521 4072 ι
540 4019 606 4077 Sine
627 4018 837 4083 intermistione·
857 4018 954 4088 inlust·
979 4028 1058 4074 little
1142 4030 1180 4083 dr
1203 4029 1248 4085 hic
1274 4028 1343 4084 lorte
1366 4029 1552 4084 stomachatus
1576 4029 1710 4101 inquies:
1732 4029 1802 4098 Quid
1819 4030 1898 4099 mihi,

266 4113 451 4186 (liseur).
473 4133 490 4166 a
516 4113 549 4168 Et
573 4113 625 4166 hoe
653 4126 706 4166 non
726 4110 813 4167 solum
834 4110 888 4178 die,
903 4112 952 4166 sed
975 4119 1004 4166 et
1028 4111 1056 4166 in
1106 4134 1207 4190 quaeso,
1221 4120 1386 4191 cumregula
1406 4122 1619 4177 monaehommt
1646 4121 1718 4189 Quid
1744 4120 1780 4177 ad
1802 4136 1847 4177 me
1868 4130 1899 4178 et

267 4211 347 4261 ¹1⁰le
364 4211 528 4274 preceptum
552 4200 738 4257 θθθὶθὸῑθθῑῑΰῆ
764 4201 875 4271 impleti
900 4202 1055 4273 discipilum
1106 4211 1152 4267 illa
1166 4211 1335 4278 condiscere,
1347 4224 1409 4282 quae
1424 4228 1477 4268 noo
1502 4212 1610 4284 expedit
1636 4212 1739 4269 nossel
1768 4210 1823 4268 Sed
1851 4213 1899 4283 qui

267 4295 472 4362 diligentissime
495 4300 668 4363 procuratum
682 4302 735 4357 est,
757 4300 786 4347 ut
800 4291 932 4348 duodenis
946 4293 1057 4364 psalnris
1107 4300 1254 4371 quamlibet
1268 4299 1384 4371 suscipit
1397 4308 1517 4357 tractare
1536 4300 1692 4367 materiam,
1709 4315 1762 4356 rron
1777 4299 1815 4356 iili
1828 4299 1900 4354 dun·

268 4394 407 4441 domums
425 4383 523 4455 uigiliae
546 4383 740 4453 transigantur.
761 4384 862 4438 bumm
877 4384 976 4454 quippe
998 4385 1057 4441 lue-
1109 4397 1193 4455 taxat,
1207 4390 1250 4447 cui
1266 4390 1363 4459 mittit,
1375 4390 1455 4446 debet
1472 4388 1654 4460 personaliter
1667 4389 1837 4455 satisfacere,
1850 4388 1899 4445 sed

268 4485 322 4543 rel,
337 4476 481 4547 ulaesswii.
493 4474 551 4528 sile
566 4481 751 4543 iraedssilnlessr
762 4486 796 4526 ³0
806 4473 934 4543 tltlaeiibet
945 4483 1055 4530 aetatum
1072 4457 1164 4538 Drem
1177 4484 1262 4554 ipsam
1276 4482 1415 4538 ventilatis
1434 4482 1555 4551 urrdiqu'e
1575 4482 1701 4552 partibus
1724 4480 1863 4551 explicare
1891 4496 1899 4532 :

268 4584 436 4638 sentiumque
463 4566 617 4629 diuersitas,
646 4565 716 4621 sicru
735 4566 762 4620 in
785 4565 829 4621 die
847 4581 897 4637 per
923 4577 1055 4624 nocturna
1107 4581 1137 4628 ut
1149 4574 1189 4629 sie
1204 4587 1275 4628 unus
1298 4572 1429 4635 edulium.
1441 4571 1512 4641 quod
1526 4571 1703 4641 concupiscit,
1717 4568 1848 4635 inveniat,
1864 4583 1901 4624 ue

269 4676 376 4732 qrroque
400 4661 527 4716 horarum
549 4657 690 4714 interualla
716 4669 903 4731 consurgeret,
926 4669 1008 4730 atque
1021 4660 1055 4715 ad
1107 4665 1261 4722 frustratus
1276 4664 1347 4721 alter
1373 4663 1516 4729 stomacho
1539 4671 1655 4718 vacante
1679 4660 1810 4717 discedat.
1837 4658 1902 4713 llaec

270 4752 416 4810 Ecclesiam
429 4750 577 4806 lestinaret.
1108 4756 1190 4827 igitur
1213 4755 1407 4812 ecclesiastica·
1430 4753 1611 4809 institutionis
1621 4751 1719 4819 ollieia,
1730 4752 1773 4806 vir
1789 4748 1901 4806 nobilis·

277 4858 281 4866 ·
305 4843 341 4900 Ut
350 4857 416 4913 ergo
428 4841 548 4896 lahorem
562 4838 690 4895 Ecclesiae
704 4839 833 4911 magistra
846 4841 975 4897 discretio
988 4851 1056 4897 tem·
1108 4847 1177 4903 sime
1191 4824 1218 4902 et
1232 4844 1455 4917 prudentissime,
1470 4844 1524 4900 noli
1549 4858 1668 4913 unquam
1692 4841 1815 4913 qualibet
1833 4839 1902 4894 obli·

269 4929 924 5004 peteret,e¹¹i⁰l⁸il¹1¹¹b³itl⁰0elliOtisconsiiii
947 4931 1056 5001 dispen-
1108 4942 1189 4998 tione
1203 4936 1348 5007 negligere.
1366 4935 1420 4991 noli
1434 4943 1538 4990 certum
1554 4935 1652 4989 aalma
1673 4940 1726 4987 tom
1749 4929 1900 4987 remedium

270 5023 376 5079 satione
389 5029 539 5088 statutum,
554 5031 583 5075 ιιι
601 5020 677 5091 juxta
704 5029 897 5076 nocturnarum
926 5021 1056 5085 horarum
1109 5028 1284 5103 quannslitmr
1296 5040 1438 5082 ranarum
1449 5024 1774 5094 seculariumoeeuparos
1784 5018 1902 5091 negotiis

271 5129 413 5171 numerem
421 5111 596 5168 nihilominus
606 5112 641 5166 ad
651 5110 755 5183 uigilias
761 5110 1057 5167 duodenisdeeurrerel
1109 5120 1260 5193 mnemia.
1273 5117 1360 5173 Porro
1371 5117 1394 5172 si
1406 5116 1433 5171 in
1445 5114 1567 5172 Ecclesia
1581 5115 1623 5171 rei
1638 5129 1653 5169 a
1671 5113 1813 5168 sacerdote
1823 5116 1902 5180 pons

269 5209 337 5263 ordo
347 5204 513 5277 psalmorum
523 5221 530 5261 ε
539 5202 1058 5273 utqoodammodototanoxirroratioue
1110 5209 1352 5273 maismacensem
1364 5214 1422 5272 est3
1441 5205 1560 5275 alioquin
1576 5203 1599 5259 si
1612 5202 1656 5259 rei
1666 5215 1751 5271 eques
1765 5196 1901 5262 eveheris,

271 5299 409 5353 rideretur
437 5309 567 5366 expensa,
591 5294 654 5349 dum
675 5294 785 5349 totidem
811 5293 929 5363 psalmos
956 5295 1058 5350 orando
1111 5298 1154 5353 rel
1179 5296 1316 5353 ruralibus
1339 5296 1424 5361 leste,
1451 5296 1509 5352 sire
1531 5294 1739 5366 quibuscunque
1762 5288 1903 5346 laboribus

269 5388 450 5458 persolveret,
465 5384 668 5456 quotridelicet
692 5385 806 5440 lroriset
830 5385 887 5455 ipsa
909 5395 1057 5441 constaret.
1110 5388 1259 5455 exerceris,
1277 5388 1350 5442 inter
1369 5385 1512 5459 agendum,
1540 5385 1612 5439 inter
1637 5382 1763 5438 eumdem
1785 5376 1903 5448 uectigal

271 5477 327 5533 iloc
342 5493 438 5549 nempe
461 5489 623 5534 nocturnum
641 5475 765 5545 designat
782 5473 902 5530 ollieiuru'
912 5474 1059 5548 Propheta,
1110 5477 1227 5543 bomini,
1240 5492 1293 5547 quo
1306 5476 1426 5534 censitus
1439 5489 1480 5542 es,
1507 5488 1540 5529 ea
1567 5488 1630 5542 qum
1657 5470 1787 5542 suppetit·
1809 5482 1903 5523 ¹¹¹0?oe

271 5585 332 5624 cunr
345 5572 432 5625 dicit:
449 5589 458 5621 s
474 5570 558 5625 bledla
575 5576 655 5625 nocte
670 5566 814 5637 surgebam
829 5568 862 5620 ad
875 5568 1057 5625 conlitenduro
1110 5571 1244 5643 persolve.
1257 5571 1389 5628 Nimirum
1404 5572 1427 5628 si
1443 5578 1506 5627 sunt
1521 5567 1631 5641 psalmi,
1644 5580 1774 5622 numerus
1791 5562 1905 5632 imp'ea·

272 5660 320 5714 tibi
336 5659 423 5734 (Prot.
444 5660 549 5730 carru).
567 5680 576 5713 ι
593 5659 753 5728 Quanquam
768 5656 865 5745 etslrroe
878 5658 979 5724 omnis,
997 5667 1059 5714 octo
1111 5671 1175 5717 tur:
1192 5664 1214 5719 si
1228 5679 1297 5719 unus
1311 5672 1424 5726 tantum,
1440 5669 1521 5733 prout
1534 5673 1620 5716 canon
1634 5656 1763 5730 postulat,
1773 5656 1903 5712 iteretur.
