4017 6192
97 159 168 220 1157
325 119 327 123 ’
870 141 910 206 m
929 125 1073 206 rsuram.
1306 217 1310 236 ⁸

89 277 93 282 ’
514 306 713 388 murnum
739 303 930 366 ocurrunt
950 301 1055 363 emar
1079 300 1194 364 usum
1213 299 1435 364 enormium.

113 432 145 491 I:
161 431 201 488 ne
218 445 248 488 eo
263 427 336 501 quod
349 429 453 486 dieitur
466 447 474 482 :
489 430 526 484 st
539 425 694 495 comnobsmt
707 421 816 490 pueros
828 434 891 476 eoos
903 421 934 474 in
946 433 1065 474 vomeres
1076 422 1102 475 et
1117 420 1225 476 Moesos
1238 434 1303 477 suos
1319 421 1350 476 im
1363 419 1460 489 tomes.

112 502 141 562 2.
162 503 241 571 mort
252 504 311 558 dies
322 503 434 558 Domini
443 503 482 556 sit
497 515 580 570 super
591 512 667 553 mnae
680 493 837 565 superbum.

113 573 140 633 3.
159 575 238 702 qood
249 576 403 645 Seraphim,
418 588 498 629 senos
514 572 575 626 otoo
595 569 732 629 habentes,
747 563 876 619 colerborrt
887 565 949 645 oute
961 561 1063 629 sociem
1078 563 1137 621 Dei.

111 645 139 705 4.
182 651 269 702 oteres
284 645 447 708 ceciderant,
462 643 510 698 sed
523 641 638 713 quadris
654 636 795 709 lapidibus
807 633 1014 704 adificobtmos.

114 717 141 777 5.
160 719 264 774 Ponam
278 733 361 790 super
376 718 429 780 lis,
445 719 494 785 qm·
504 716 618 782 tucrum
638 711 672 766 de
685 709 776 775 ltoob,
792 709 915 764 momen.
941 706 1043 761 Emitte
1063 703 1185 777 Apsum,
1213 706 1336 771 Domine
1365 706 1566 764 nemmem
1590 709 1679 772 terra,
1707 706 1742 762 dr
1765 713 1848 779 pstea

205 790 306 845 diroti
319 789 357 843 od
372 791 487 843 montem
499 786 564 856 itha
574 787 650 842 Stoa.
899 850 906 863 .

113 858 141 919 b.
162 861 240 928 mod
250 863 320 915 risio
331 861 451 916 omnium
466 861 527 922 em't,
539 860 610 914 metit
624 854 707 910 aerbo
722 851 788 908 libri
800 853 915 919 mquam.
1004 918 1010 931 Ι

113 931 140 990 7.
161 932 333 1003 Glortfioobit
345 948 387 986 me
402 931 488 986 bestia
501 931 574 998 apri,
590 927 718 982 dracones
734 929 760 978 et
771 922 946 982 struthiones,
960 933 1028 988 quio
1041 916 1106 973 dedi
1119 921 1150 974 im
1162 918 1266 974 desmto
1280 935 1378 991 aquas.

113 1002 141 1063 8.
162 1007 277 1076 Propter
290 1005 376 1059 scelus
388 1003 487 1074 populi
500 1003 553 1055 mei
563 999 686 1070 permeet
699 1012 769 1058 eam,
785 997 811 1050 et
826 993 905 1048 debit
920 993 1035 1061 impium
1048 1005 1099 1061 pro
1114 992 1257 1062 sepuliano
1269 998 1295 1050 et
1306 993 1419 1050 divitem
1430 1009 1483 1065 pro
1496 995 1581 1049 morte
1592 1007 1653 1050 sua,

77 1109 88 1124 ι
114 1073 142 1133 9.
162 1077 229 1143 Quis
240 1081 280 1131 est
291 1078 343 1131 iste
359 1077 493 1145 quieceret
506 1072 540 1127 de
554 1071 641 1127 Edem
660 1071 753 1125 tinctis
767 1065 887 1121 cestibus
901 1062 934 1116 de
957 1063 1072 1116 Bosru?

95 1143 141 1207 lb.
159 1147 296 1220 empse
311 1162 369 1216 opo,
384 1147 434 1218 qm'
452 1147 523 1202 otios
532 1157 632 1217 potore
640 1142 725 1210 focio,
738 1142 797 1212 ipse
808 1153 863 1194 non
871 1135 984 1207 poriom
996 1134 1066 1188 dicit
1079 1135 1210 1191 Domimos
1223 1136 1239 1189 i

814 1256 1127 1363 smmmapma.
1177 1267 1188 1296 ·

544 1453 891 1551 INCIPIUNT
939 1445 1391 1543 TESTIMONIA.

370 1631 493 1696 CAPUT
518 1630 678 1695 PRIMUM.
956 1623 1140 1699 haggestum
1154 1625 1277 1685 tumide
1296 1625 1479 1701 cogitationis
1499 1625 1532 1686 in
1554 1625 1846 1702 alta2i31porrecti,

129 1751 146 1786 r
161 1729 198 1790 Et
211 1730 379 1791 oonhabunt
394 1729 505 1806 gladios
527 1744 597 1789 suos
620 1729 652 1787 iu
677 1741 809 1787 vomeres
833 1730 861 1783 et
886 1722 952 1783 lan·
993 1716 1043 1775 eed
1072 1715 1229 1788 1111111110,
1257 1731 1315 1793 qno
1344 1716 1434 1777 111111
1458 1718 1610 1778 eberhart
1634 1720 1720 1787 (esai.
1749 1723 1846 1789 nutv),

93 1835 160 1880 ceas
187 1835 256 1880 snas
273 1819 304 1878 iu
332 1820 419 1879 falces
446 1825 511 1889 (lea.
537 1824 609 1890 11).»
638 1815 861 1892 impatientibus
884 1828 952 1872 sane
992 1803 1164 1878 11111ῑί81111
1182 1804 1381 1884 spiriruelium
1400 1806 1568 1870 studiorum
1590 1804 1845 1879 frugibutelieni.

92 1912 288 1986 eorreptIones
301 1912 384 1988 quasi
394 1911 486 1985 gladii
500 1914 581 1981 sunt,
594 1908 643 1968 sed
656 1907 794 1967 sivoluut
804 1906 876 1966 uthi
889 1902 952 1978 gla-
990 1890 1056 1992 Jeffl
1072 1906 1140 1951 ler0
1156 1893 1244 1954 terrie
1262 1892 1378 1952 ereelee
1396 1900 1425 1952 el
1444 1908 1551 1954 11111111
1563 1892 1697 1956 munitus
1721 1891 1786 1950 illee
1800 1891 1847 1949 in·

93 2001 136 2061 dii
150 2007 299 2061 vertantur
313 2001 343 2059 in
356 1999 454 2071 falces,
472 1997 586 2058 hirsuta
603 1996 742 2056 uitiorum
755 2009 876 2055 suornm
891 1994 949 2052 du·
992 1987 1091 2040 11111111
1103 1983 1165 2057 (llll,
1181 1998 1249 2042 eum
1271 1991 1433 2058 pecatores
1444 1987 1515 2055 ellel.
1528 1984 1561 2044 ir
1575 1984 1701 2061 quedem
1720 1982 1847 2044 revelet

92 2095 181 2162 meta,
195 2089 303 2165 quibus
317 2090 444 2157 horrent,
465 2091 670 2161 permutantur
686 2085 716 2142 in
733 2099 851 2142 messes.
870 2082 950 2141 Unde
990 2070 1167 2130 innocentie
1184 2087 1250 2131 aree
1268 2072 1448 2133 constituunt
1462 2089 1583 2149 seseque
1595 2073 1774 2133 detensionis
1786 2073 1846 2148 cly-

92 2180 232 2255 propheta
243 2189 311 2238 cum
325 2176 514 2253 praemisisset
528 2171 564 2234 de
578 2174 727 2234 salvatore
740 2180 865 2232 nostro«
881 2172 949 2246 quia
989 2172 1045 2231 Dee
1071 2163 1254 2256 1011118111θὸ
1280 2160 1524 2236 reprehensorum
1547 2175 1671 2220 suorum
1693 2161 1788 2235 jacula
1808 2155 1845 2220 ad

87 2268 231 2344 jndIcabit
261 2273 360 2340 gentes
382 2271 410 2325 et
430 2270 532 2337 arguet
550 2262 673 2338 populos
694 2261 812 2331 multos,
833 2258 949 2334 »prote
990 2260 1022 2303 11
1042 2252 1205 2320 perurgere
1226 2262 1285 2305 1011
1300 2250 1480 2322 permittunt.
1500 2249 1620 2309 Thereie
1636 2257 1733 2310 erlem
1748 2252 1844 2321 reille-

90 2372 149 2417 nus
166 2354 277 2415 audiun
296 2373 302 2412 :
322 2352 566 2412 «asennaeum
582 2350 693 2424 gladios
716 2364 785 2408 suos
799 2348 830 2405 m
848 2362 948 2406 vome
976 2337 1062 2409 ratio
1077 2336 1177 2405 soree
1203 2335 1327 2407 dieitur
1351 2337 1485 2412 quisquis
1498 2338 1579 2395 enim
1599 2337 1631 2395 m
1650 2338 1707 2396 110⁰
1725 2337 1843 2410 seculo,

92 2461 138 2504 m
162 2451 191 2503 et
218 2442 332 2502 lanceas
356 2457 424 2501 suas
454 2441 486 2499 jn
514 2440 603 2498 falces
630 2440 766 2509 (formis
801 2436 947 2496 Nimirum
989 2424 1068 2484 unde
1095 2425 1221 2498 gaudere
1247 2425 1348 2500 possit,
1376 2427 1518 2502 explorat,
1538 2426 1611 2496 huie
1634 2429 1844 2502 superveniens

92 2547 238 2607 congruus
259 2531 340 2601 ordo,
355 2529 426 2589 dnm
449 2529 543 2603 primo
559 2528 678 2603 quidem
694 2534 825 2602 peccator
847 2524 947 2598 argui·
988 2513 1051 2573 diee
1068 2513 1195 2589 Deffir'ssis
1213 2516 1322 2589 quibus
1346 2518 1551 2592 perleluellter
1577 2525 1744 2590 amarescat,
1768 2534 1845 2577 1111·

92 2628 150 2692 tur,
165 2617 269 2679 deinde
283 2624 312 2677 et
325 2617 414 2693 gladii
427 2617 458 2675 in
472 2632 603 2677 vomeres
621 2623 649 2675 et
663 2616 770 2675 lanoeae
784 2615 949 2674 conflantur
988 2606 1062 2665 roris
1087 2614 1173 2681 atque
1195 2607 1321 2667 tristitiae
1343 2608 1490 2667 molestias
1513 2609 1630 2680 irrogat.
1652 2606 1738 2666 Venit
1756 2607 1844 2667 etiam
1904 2659 1911 2664 .

92 2711 126 2770 in
145 2709 242 2769 falces.
261 2708 335 2768 Nam
351 2709 421 2768 dum
447 2709 604 2781 impatiens
628 2705 773 2781 quIspiam
799 2721 850 2779 per
865 2703 949 2764 disci-
988 2695 1052 2755 dies
1076 2693 1204 2768 Domini,
1228 2713 1287 2757 non
1302 2713 1489 2772 superomne
1510 2698 1587 2775 quod
1608 2698 1766 2774 pulchrum
1788 2702 1842 2770 est,

91 2798 204 2875 pliuam
217 2796 316 2855 mitior
333 2796 428 2856 tactus
445 2801 586 2871 tauquam
603 2795 710 2870 planus
732 2809 801 2867 ager
815 2793 948 2867 iucrepa·
988 2787 1039 2846 sed
1059 2803 1244 2863 superemus
1257 2789 1334 2864 qnod
1351 2789 1417 2850 visu
1429 2789 1587 2864 pulchrum
1600 2797 1652 2861 est,
1666 2787 1735 2865 qula
1754 2788 1843 2848 indie

92 2886 181 2945 donis
210 2885 304 2946 cultro
332 2883 540 2960 proscinditur,
573 2885 680 2944 deiude
718 2884 802 2943 suavi
837 2885 949 2943 semine
990 2878 1086 2939 dIrIni
1099 2880 1340 2957 judieiipondere
1356 2880 1566 2958 premiturqui
1579 2881 1756 2941 intrinsecus
1775 2878 1842 2955 qui·

93 2979 200 3033 sanotae
226 2973 441 3048 predicationis
464 2971 639 3048 aspergitur,
656 2979 684 3030 et
700 2972 742 3032 sic
759 2971 878 3030 demum
905 2967 1057 3043 iessdem
1071 2969 1209 3031 vitiorum
1223 2971 1345 3032 latenter
1360 2971 1561 3047 ingruentium
1573 2969 1755 3031 deformitate
1773 2983 1843 3029 oon·

92 3064 187 3126 sunda
202 3067 347 3125 bonorum
361 3079 485 3139 opernm
496 3061 582 3139 frige
596 3063 729 3135 vestitur,
747 3060 817 3122 huic
839 3061 948 3122 scilieet
989 3058 1142 3131 ineditum
1159 3060 1230 3121 loris
1250 3067 1349 3122 autem
1371 3057 1497 3136 quadam
1513 3060 1696 3122 adumbratae
1714 3058 1843 3131 virtutis,

92 3162 120 3215 et
132 3155 222 3230 gladii
239 3156 307 3217 laeti
319 3163 388 3218 suut
409 3170 543 3216 vomeres
556 3162 585 3215 et
607 3154 716 3214 lancee
738 3159 948 3214 convertuntur
987 3150 1037 3212 rel
1053 3152 1150 3227 potius
1164 3152 1323 3216 honestatis
1335 3151 1554 3228 pulchritudiue
1566 3150 1714 3227 palliatur.

92 3245 124 3305 in
136 3245 243 3319 falcem
259 3246 328 3322 quia
341 3248 393 3322 qui
408 3245 583 3322 reprehendi
602 3244 686 3320 prins
699 3252 838 3319 tanquam
852 3240 948 3318 gladio

91 3335 201 3409 percuti
217 3335 379 3411 deputabat,
397 3340 519 3396 nuncet
534 3349 683 3394 vomerem
706 3330 948 3392 samaedoctrinae
1276 3396 1283 3410 g
1323 3291 1446 3410 CAPIJT
1461 3291 1515 3355 m·
1573 3394 1578 3409 ¹
1627 3392 1633 3407 ,

92 3422 218 3484 libenter
230 3427 365 3496 sustinet,
378 3431 412 3484 nt
430 3424 530 3498 fruges
551 3422 624 3482 terat
644 3427 673 3481 et
695 3421 800 3480 taloem
814 3435 949 3496 superne
1127 3394 1175 3451 M
1188 3393 1353 3515 Mamm»
1368 3410 1526 3469 ⁶P²S⁶⁰P¹⁴m
1544 3394 1708 3452 mm·

92 3513 247 3574 messionis
263 3517 420 3589 exspectat,
431 3510 701 3573 uthorreicoelestis
712 3510 948 3588 promptuarium
1024 3507 1215 3584 Quacumque
1240 3510 1370 3571 humana
1388 3523 1473 3569 mens
1493 3523 1564 3569 sano
1585 3506 1663 3583 viget
1685 3505 1758 3570 iulia
1772 3524 1844 3570 con·

93 3603 211 3679 repleat.
988 3596 1065 3669 sillo,
1092 3596 1118 3657 si
1143 3613 1175 3657 se
1203 3596 1349 3658 subtiliter
1373 3606 1401 3657 et
1427 3598 1547 3658 solerter
1570 3597 1703 3673 inquirit,
1735 3597 1786 3658 vix
1811 3597 1844 3658 iu

404 3753 406 3758 ,
430 3669 553 3766 CAPUT
575 3672 613 3733 Π·
989 3703 1022 3750 se
1044 3686 1105 3748 suis
1131 3685 1317 3748 facultatibus
1339 3685 1464 3759 invenit,
1494 3686 1572 3747 unde
1602 3687 1704 3748 merito
1728 3701 1844 3763 sperare

335 3763 366 3821 11
383 3761 500 3837 ‘eserie
514 3763 551 3819 od
568 3757 708 3818 Demeam
989 3774 1171 3849 preconium
1182 3776 1282 3851 possit.
1295 3775 1425 3838 Mortalis
1438 3776 1546 3852 qnippe
1566 3776 1694 3838 conditio
1711 3776 1843 3853 undique

131 3858 227 3920 sDies
247 3857 364 3919 Domini
378 3875 466 3935 super
486 3873 605 3918 omnem
630 3858 790 3933 superbum
808 3862 835 3916 et
852 3857 950 3917 excel·
990 3870 1132 3924 mamista
1160 3872 1249 3941 atque
1271 3865 1435 3938 constricta,
1458 3864 1535 3939 quin
1548 3865 1629 3928 mois
1653 3865 1732 3926 unqe
1754 3865 1845 3940 possit

93 3966 171 4023 sum,
188 3966 276 4025 super
293 3965 411 4010 omnem
435 3955 616 4023 arrogantem
640 3957 668 4007 et
689 3945 904 4018 humiliabitur,
921 3951 950 4006 et
991 3952 1118 4013 simtu?
1143 3952 1216 4025 Quis
1229 3955 1309 4015 enim
1327 3954 1399 4014 setar
1421 3953 1494 4028 quie
1512 3954 1545 4012 in
1567 3955 1727 4014 eternitate
1747 3955 1844 4028 tuerit,

93 4055 181 4116 super
195 4055 297 4120 omnes
321 4038 421 4099 cedros
440 4037 545 4097 Libani
568 4037 710 4098 sublimes
732 4043 761 4095 et
781 4042 898 4110 erectos,
921 4039 950 4094 el
992 4050 1149 4118 antequam
1165 4043 1335 4104 Denshuno
1352 4037 1488 4103 conderet
1511 4044 1685 4104 mnndum?
1707 4043 1764 4104 Sed
1775 4060 1845 4105 oum

93 4146 181 4207 super
195 4147 297 4192 omnes
311 4146 437 4208 quercus
458 4129 564 4202 Basau,
588 4140 616 4190 et
639 4143 726 4205 snper
746 4144 847 4190 omnes
868 4143 950 4188 mon·
988 4131 1104 4205 ignoret
1126 4132 1197 4208 quid
1216 4131 1311 4192 ‘luerit
1333 4133 1400 4191 aute
1425 4127 1531 4191 muudi
1552 4131 1742 4206 principium,
1763 4132 1845 4192 novit

90 4228 135 4283 tes
165 4222 305 4291 excelsos,
334 4229 363 4280 et
391 4235 480 4297 snper
507 4236 609 4281 omnes
636 4220 723 4280 eolles
749 4219 884 4290 elevatos,
920 4223 948 4278 et
989 4223 1110 4282 forsitan
1122 4223 1193 4300 qnid
1205 4230 1268 4298 post
1289 4223 1352 4299 eJ‘us
1366 4221 1527 4283 terminum
1537 4223 1846 4293 sitluturum3ntrnm

92 4325 179 4385 super
198 4325 316 4391 omnem
342 4317 451 4370 turrem
480 4310 635 4382 excelsam,
660 4316 688 4367 et
718 4323 805 4384 super
828 4311 1099 4404 omuenrcseilieet
1111 4313 1143 4373 in
1158 4312 1322 4373 ministerio
1334 4314 1379 4374 sui
1394 4329 1498 4373 cursus
1514 4312 1640 4373 ulterius
1654 4319 1730 4372 astra
1748 4313 1844 4373 deser·

93 4415 212 4459 murum
232 4400 392 4474 munitum,
423 4407 451 4459 et
472 4415 571 4478 snper,
590 4414 692 4460 omues
719 4415 808 4459 naues
827 4397 947 4458 Tharsis
988 4404 1081 4475 viant,
1096 4411 1124 4462 et
1139 4411 1287 4476 utrumne,
1303 4409 1366 4478 post
1383 4417 1416 4461 ea
1429 4415 1495 4477 quta
1507 4415 1589 4461 nnnc
1611 4410 1678 4461 snut
1699 4399 1757 4461 alia
1779 4417 1845 4462 rur·

91 4495 121 4549 et
150 4497 238 4562 super
263 4503 351 4549 omne
383 4488 461 4563 quod
501 4491 660 4563 pulchrum
702 4488 769 4549 risu
808 4489 851 4549 est
879 4491 945 4556 (leo.
989 4509 1040 4551 sus
1056 4492 1200 4551 elementa
1212 4492 1377 4552 succedant.
1395 4491 1478 4550 Unde
1491 4498 1520 4550 et
1534 4490 1685 4565 Seraphim
1697 4489 1759 4563 illa,
1775 4505 1843 4567 quae

93 4584 163 4650 11).·
196 4579 242 4639 Ex
268 4580 355 4639 rebus
387 4579 609 4639 insensibilibus
636 4580 698 4638 dies
724 4581 818 4640 divini
844 4580 949 4654 judicii
990 4583 1081 4642 IsaIas
1093 4584 1231 4657 propheta
1245 4583 1277 4641 iu
1292 4589 1447 4655 conspectu
1464 4581 1581 4639 Domini
1596 4589 1671 4639 stare
1680 4579 1842 4656 conspexit,

94 4666 203 4727 dieitur
225 4667 392 4737 imminere»
415 4667 465 4727 red
492 4683 543 4742 per
578 4667 686 4741 figures
715 4683 812 4726 rerum
840 4666 950 4724 111ῑί0111
991 4687 1078 4730 senas
1108 4672 1169 4729 alas
1196 4671 1332 4730 hahuisse
1362 4668 1519 4727 describit:
1539 4693 1550 4719 ι
1571 4667 1701 4740 Duabus,
1729 4669 1839 4744 inquit,

95 4753 268 4825 carentium,
296 4751 439 4811 stoliditas
469 4752 645 4828 intelligitur
670 4754 826 4814 hominum
851 4768 950 4828 repro·
991 4757 1127 4816 velabant
1147 4756 1260 4827 faciem,
1276 4764 1304 4815 et
1326 4757 1440 4816 duabus
1462 4753 1599 4814 velabant
1613 4754 1710 4828 pedes,
1727 4763 1755 4814 et
1774 4755 1844 4814 dua·

94 4844 209 4904 borum.
238 4842 322 4902 Gedri
352 4843 459 4919 qnippe
485 4842 591 4902 Libani
616 4844 758 4904 sublimes
783 4850 810 4903 et
837 4851 950 4914 erectio,
991 4847 1048 4907 bus
1075 4843 1213 4906 volabant
1240 4848 1304 4919 (iso.
1339 4846 1419 4919 vil·
1447 4842 1587 4902 Volabant
1617 4858 1702 4918 porro
1728 4845 1844 4917 faelem,

96 4942 227 5012 potentes
271 4942 340 4995 sunt
379 4936 471 5010 huJus
515 4934 626 5009 saeculi,
661 4951 713 5011 per
747 4933 951 4995 excellentiam
992 4938 1070 4998 sives
1095 4937 1192 5011 pedes,
1212 4951 1270 4995 uon
1292 4951 1371 5006 suos,
1395 4933 1444 4993 sed
1461 4933 1638 5008 utiqueDei.
1659 4933 1694 4993 Et
1710 4935 1846 5010 quidper

97 5026 217 5102 quidem
243 5032 368 5086 terrenae
394 5026 583 5085 sublimitatis
619 5026 697 5100 elati,
726 5027 777 5086 sed
806 5026 950 5086 bonorum
992 5026 1096 5086 taciem
1107 5025 1171 5097 Ilei,
1191 5024 1249 5083 nisi
1264 5024 1369 5084 mundi
1383 5021 1669 5099 priucipIumrquid
1681 5039 1732 5099 per
1746 5026 1843 5101 pedes,

97 5133 217 5191 operum
241 5116 386 5177 iructinus
412 5114 575 5176 infecundi.
605 5114 734 5186 Quercus
762 5123 859 5176 antem
887 5117 950 5175 lru·
992 5116 1050 5175 nisi
1070 5116 1200 5191 eiusdem
1226 5116 1330 5176 mundi
1356 5115 1425 5174 linis
1442 5113 1694 5190 debetintelligil
1719 5104 1842 5176 Marum

97 5213 162 5267 ctus
189 5205 308 5282 quidem
338 5206 500 5283 proferunt,
530 5204 580 5266 sed
618 5221 678 5264 non
716 5205 825 5281 quihus
862 5205 951 5265 homo
991 5223 1060 5282 ergo
1081 5206 1228 5281 seraphim
1240 5214 1268 5265 et
1286 5205 1385 5280 plures
1409 5213 1479 5266 sunt
1494 5221 1562 5281 quse
1577 5204 1675 5266 velant
1697 5213 1725 5266 et
1743 5223 1844 5282 pauoae

99 5296 240 5366 relicitur,
266 5297 317 5356 sod
345 5296 425 5356 unde
462 5311 530 5359 sues
569 5296 701 5359 aluntur.
738 5295 812 5357 Sues
853 5302 951 5356 antem
992 5313 1061 5375 quae
1088 5297 1196 5371 volant,
1223 5297 1293 5374 qula
1308 5313 1362 5365 ,ex
1387 5296 1557 5357 divinorum
1601 5312 1724 5372 operum
1759 5298 1844 5359 celsi·

100 5386 441 5464 immundiintelhgendi
456 5386 665 5463 suntspiritus,
682 5387 734 5464 qui
759 5386 872 5464 spureIs
888 5403 950 5448 sor·
992 5387 1095 5447 tudine
1132 5402 1201 5448 oum
1237 5399 1380 5462 perpauca
1417 5386 1454 5446 ad
1480 5383 1610 5446 nostram
1639 5385 1845 5462 permittentem

99 5479 234 5543 dentium
247 5478 403 5541 hominnm
415 5481 595 5556 saginantur.
610 5479 699 5544 Porro
715 5486 828 5540 montes
842 5479 950 5540 excelsi
991 5475 1128 5537 advolare
1158 5475 1303 5549 notitiam,
1342 5475 1469 5550 plurima
1499 5475 1530 5536 In
1570 5475 1713 5537 thesauris
1741 5479 1843 5539 ‘secre-

101 5575 130 5629 et
154 5568 243 5630 eolles
255 5567 373 5641 elevati,
401 5567 521 5644 superbi
546 5568 658 5646 quique
683 5573 765 5641 sunt,
791 5567 875 5642 qnasi
899 5575 951 5644 per
992 5571 1090 5628 torum
1120 5565 1282 5627 scelestium
1310 5571 1464 5626 servantur
1499 5565 1619 5627 seura
1653 5563 1728 5628 Nam
1763 5566 1846 5647 quod
