4017 6192
111 281 162 336 atii
342 276 372 334 S.
392 273 495 331 PETRl
513 272 655 330 babtattl
675 271 751 332 OPP.
771 268 889 327 tellus
909 269 975 327 SEU
993 270 1085 331 PARS
1103 273 1146 331 tii.
1160 273 1388 334 -orbsuubu
1408 276 1523 334 vluit.
1684 280 1738 338 2⁰8

110 398 196 453 Porro
210 409 272 450 com
287 393 391 461 ioseph
400 391 470 447 irinc
488 403 521 445 er
544 394 617 445 recta
634 374 898 457 propagatascogna·
912 395 936 455 g
949 383 1022 441 inter
1034 394 1163 458 parentes
1175 387 1235 459 eius
1244 396 1375 457 stupenda
1388 390 1511 459 quaedam
1524 399 1552 445 et
1572 390 1740 450 adutnbtlb

112 488 193 546 tionis
206 488 276 543 linea
288 484 416 555 pendeat,
430 481 503 536 illinc
518 494 552 534 ex
568 478 653 533 altera
669 476 789 549 ejusdem
801 491 900 547 cogna-
950 480 1089 545 generatio
1101 478 1234 546 videm,
1248 480 1326 549 eujus
1340 479 1467 538 uidelicet
1486 489 1514 536 et
1533 481 1740 549 generatioslu·
1793 474 1800 483 ⁴

111 580 193 635 tionis
204 578 274 632 linea
286 574 369 629 liaris
383 570 544 636 descendat;
560 569 618 638 ipse
630 568 664 622 de
674 567 745 621 linea
759 565 787 621 in
800 564 897 622 lineam
949 566 1061 639 gularis,
1084 579 1114 625 et
1126 569 1268 640 conceptio
1291 585 1371 637 nora,
1390 579 1418 627 et
1439 570 1568 629 nativitus
1590 572 1741 644 deprehu-

112 668 242 723 transitus
268 661 450 736 generationis
473 665 516 712 est
541 654 663 726 mystice
686 662 896 711 sacramentum.
949 656 1022 713 ditur
1045 657 1256 714 inauditailiaee
1265 666 1354 714 buren
1370 658 1741 721 dicimussalraauctoritate

111 758 180 814 Nam
200 757 262 824 qnia
286 752 370 803 iiana
391 746 491 818 ioseph
518 756 600 802 carne
623 761 677 802 non
697 745 831 818 jungitur,
845 759 898 800 non
948 753 1104 803 sanctorum
1121 745 1273 813 doctorum,
1284 762 1352 818 quoa
1361 749 1486 819 superius
1499 750 1722 810 memoravimus.

110 851 225 912 utraque
240 853 293 894 una
311 847 353 894 est
369 836 523 908 generatio;
539 835 587 892 sed
603 851 685 891 unam
699 833 816 907 loseph,
830 835 899 891 alte·
986 835 1020 893 Ut
1036 834 1118 907 igitur
1130 835 1164 893 ed
1178 851 1212 893 ea
1235 853 1297 908 quur
1318 839 1453 909 cupimus
1473 849 1536 910 post
1550 841 1740 903 direruaubru

109 948 168 989 ram
185 930 270 986 lario
289 929 490 1002 generationem
509 927 583 984 iacit.
600 927 683 984 Plane
696 943 757 984 cunr
778 927 900 998 Scriptu-
949 934 1128 994 reuertamur,
1151 928 1178 984 in
1192 926 1244 984 ltao
1265 928 1439 1000 generatione
1459 929 1599 988 bomluica
1618 947 1674 991 uon
1694 933 1741 990 illa

110 1037 203 1079 rarum
229 1022 398 1077 consuetudo
423 1035 477 1076 non
505 1028 611 1087 teneat,
640 1027 670 1074 ut
700 1033 749 1090 per
771 1019 899 1075 mulieres
948 1020 1116 1090 conspicitur
1141 1020 1233 1092 regula
1256 1018 1341 1077 luisse
1361 1029 1489 1088 serram,
1512 1036 1593 1091 quam
1615 1023 1742 1081 uidelicet

110 1110 279 1183 cognationis
293 1110 390 1166 lineam
406 1116 491 1175 texat,
505 1122 555 1179 per
567 1106 641 1164 viros
654 1107 755 1163 Christi
772 1108 898 1180 genealo-
948 1110 1011 1166 alibi
1030 1111 1214 1182 prebuimus,
1236 1111 1308 1168 utin
1323 1111 1500 1184 supputandis
1521 1113 1741 1185 generationibus

110 1205 153 1276 gia
166 1203 340 1275 producitur;
358 1201 384 1257 in
402 1203 461 1272 cius
485 1209 575 1255 tamen
594 1211 656 1255 ortu
676 1198 763 1255 virilis
784 1199 898 1255 materia
948 1217 1001 1256 una
1019 1201 1193 1273 provideatur
1206 1215 1348 1272 superesse
1361 1217 1477 1273 persona
1491 1219 1499 1256 z
1515 1217 1575 1273 quae
1593 1203 1698 1261 scilicet
1716 1205 1741 1262 si

109 1313 164 1354 non
188 1298 328 1363 miscetur,
352 1295 467 1366 ideoque
484 1309 545 1349 curn
567 1293 601 1348 ad
620 1291 719 1363 loseph
739 1300 898 1363 peruentum
946 1292 1178 1361 illicservaretur,
1191 1308 1245 1349 uua
1266 1295 1355 1349 adbuc
1373 1294 1496 1351 addenda
1508 1309 1624 1365 persona
1645 1310 1742 1354 neees-

109 1397 161 1455 est,
175 1386 354 1444 successionis
363 1385 432 1442 ordo
445 1400 498 1441 non
509 1383 621 1440 ulterius
635 1384 662 1439 in
675 1383 804 1440 inferiora
814 1383 899 1439 dedu·
948 1384 1022 1440 sario
1043 1384 1191 1440 videretur.
1214 1384 1244 1440 in
1270 1383 1314 1440 illa
1336 1384 1436 1456 quippe
1459 1385 1650 1458 cognationum
1669 1387 1741 1444 linea

107 1480 190 1545 citur,
205 1479 251 1534 sed
264 1492 313 1549 per
329 1485 513 1532 transversum
527 1476 660 1547 protinus,
675 1484 702 1531 et
721 1490 754 1531 ex
771 1475 856 1531 intere
870 1474 898 1528 in
949 1477 1055 1532 trifaria
1075 1476 1293 1533 dinumeratione
1308 1477 1430 1549 digesta,
1453 1477 1665 1551 uniuscuiusque
1683 1488 1739 1537 tes·

108 1571 240 1639 virginem
256 1567 404 1623 derivatur.
426 1565 472 1622 Sic
493 1575 554 1637 post
570 1565 696 1621 carnales
710 1567 899 1637 generationes
948 1584 1017 1624 serae
1030 1567 1233 1638 quatuordecim
1245 1567 1431 1622 tantummodo
1446 1574 1509 1622 sunt
1520 1582 1654 1641 persone,
1671 1572 1742 1624 sicut

108 1663 140 1716 iit
153 1661 291 1732 generatio
305 1658 463 1730 spiritualis,
482 1666 511 1712 nt
525 1674 587 1714 mox
608 1667 738 1729 sequatur
756 1674 800 1713 res
823 1659 900 1714 inau-
949 1670 978 1716 et
989 1659 1186 1732 generationes.
1207 1658 1263 1714 Nec
1276 1658 1480 1729 generationum
1494 1674 1637 1715 numerum
1650 1673 1743 1731 perso·

109 1754 165 1809 dita
193 1767 323 1824 prorsus,
347 1761 376 1806 et
397 1750 552 1822 singularis.
580 1750 735 1822 spiritualis
765 1751 899 1821 siquidem
915 1748 1048 1809 B‘narum
1066 1750 1210 1806 multitudo
1234 1749 1341 1806 videtur
1361 1750 1504 1814 excedere,
1524 1749 1647 1807 domnii
1668 1750 1742 1806 aliud

108 1842 247 1909 generatio
272 1841 304 1919 iit
329 1840 363 1895 de
388 1837 487 1909 ioseph
512 1838 538 1893 in
563 1838 685 1903 Mariam,
705 1836 848 1907 singularis
865 1840 898 1893 dc
949 1842 986 1897 ibi
1002 1841 1198 1913 generationes,
1212 1854 1293 1911 quum
1305 1839 1441 1911 simplices
1455 1841 1510 1894 sint
1520 1854 1651 1910 personae.

108 1931 192 1987 ilaria
206 1932 233 1986 in
247 1931 396 1987 Christum.
985 1935 1173 1993 Considerantl
1185 1937 1285 2007 itaque,
1296 1943 1388 1992 ctrem
1401 1933 1554 2006 diligentius
1566 1933 1742 2005 perpendenti

417 2022 531 2080 caput
549 2022 593 2078 ill.
948 2037 1075 2099 patenter
1089 2027 1220 2093 occurrit,
1231 2026 1303 2097 quod
1318 2024 1350 2079 B.
1365 2024 1530 2096 evarrgelistu
1545 2025 1742 2082 dinumerando

196 2117 334 2185 Quomodo
346 2115 426 2171 Ouios
438 2116 539 2187 genitos
554 2132 570 2169 o
584 2112 677 2169 dorum
691 2113 805 2169 dicotur.
948 2117 1118 2190 cognationis
1136 2117 1267 2188 regulam,
1287 2131 1368 2187 quam
1381 2116 1566 2188 prediximus,
1587 2131 1642 2172 non
1661 2119 1742 2174 modo

144 2211 199 2268 Sed
213 2210 280 2267 dicis
292 2209 369 2275 mibi,
380 2208 503 2279 quisquis
516 2223 558 2274 es,
570 2206 704 2277 quomodo
719 2207 789 2263 inter
798 2205 898 2278 ioseph
948 2226 1001 2267 non
1014 2211 1110 2275 tenuit,
1122 2209 1169 2265 sed
1182 2219 1210 2265 et
1224 2217 1302 2264 caute
1314 2208 1418 2273 vitarit,
1432 2207 1553 2263 studiose
1567 2207 1741 2278 contempsit,

108 2317 134 2363 et
149 2306 261 2362 ilariarn
274 2313 363 2375 potest
377 2303 518 2374 generatio
533 2302 597 2367 dici,
609 2317 690 2372 quam
701 2301 827 2356 uidelicet
841 2301 899 2371 ipse
948 2301 1097 2372 prudenter
1109 2299 1234 2355 exclusit.
1249 2296 1316 2352 Nam
1331 2313 1393 2354 enm
1406 2298 1432 2353 in
1448 2297 1603 2370 genealogia
1621 2297 1741 2364 lionrini,

107 2396 375 2469 nongeuuitiEttu
391 2394 457 2449 mihi
473 2393 610 2464 reciproca
629 2392 768 2448 consultus
786 2391 898 2463 inquisl-
949 2390 1015 2444 certi
1045 2387 1278 2460 causanqsterii
1310 2385 1417 2443 trifario
1439 2387 1623 2458 dispositionis
1646 2387 1743 2445 ordine

107 2490 182 2545 tione
197 2486 330 2558 responde
346 2503 353 2543 :
367 2485 421 2540 Cur
440 2485 510 2540 idem
532 2485 629 2540 beatus
649 2483 814 2553 euangelista
832 2482 899 2537 liat·
948 2477 1152 2549 qrratuordeeim
1167 2476 1334 2533 decrevisset
1355 2477 1546 2548 generationes
1561 2484 1696 2544 atterere,
1710 2485 1743 2533 ut

107 2581 203 2646 thaeus,
216 2579 250 2634 de
263 2577 339 2647 cujus
351 2591 422 2633 nune
436 2576 568 2632 sententio
581 2576 758 2645 disputamus,
772 2576 811 2630 ait
827 2577 899 2629 inter
948 2584 1169 2644 unamquamque
1191 2584 1336 2640 personam
1362 2569 1565 2640 generationem
1588 2585 1649 2626 esse
1669 2587 1744 2628 nron·

107 2676 204 2726 caetera
223 2686 230 2724 :
253 2667 371 2724 «loram
393 2667 487 2739 genuit
510 2665 602 2723 liniam
625 2665 734 2737 (lictor.
754 2668 790 2737 1);
809 2685 819 2720 r
836 2682 897 2723 enm
947 2668 1056 2721 strator,
1074 2668 1129 2714 tres
1144 2674 1212 2729 quos
1226 2659 1352 2728 superius
1362 2658 1490 2727 diximus,
1503 2659 1650 2716 Ochoziarn
1665 2658 1741 2716 vide-

107 2774 277 2829 nequaquam
301 2759 338 2814 sit
358 2767 437 2827 pater
456 2757 546 2822 Ozias,
570 2757 618 2812 sed
640 2757 730 2826 potius
752 2756 898 2813 Orinaioi
948 2753 1095 2820 licer,ioas
1110 2754 1306 2821 ethnrasiam,
1321 2753 1355 2809 de
1374 2753 1539 2810 narrationis
1555 2753 1651 2811 ordine
1664 2767 1743 2825 reges

108 2848 238 2920 Quisquis
260 2848 333 2902 enim
354 2847 444 2916 quarti
461 2846 522 2901 iibri
537 2846 641 2917 iiegum
661 2846 794 2916 percurrit
813 2846 898 2901 histo·
948 2846 1048 2916 abjecit
1064 2864 1071 2902 :
1085 2855 1112 2902 et
1124 2854 1164 2902 tot
1175 2860 1307 2916 personas
1316 2858 1462 2917 opponere,
1476 2853 1541 2916 quot
1553 2844 1743 2918 generationes

106 2937 193 3003 rium,
221 2934 406 2993 indubitanter
432 2935 570 3006 agnoscit,
597 2935 660 3006 quia
688 2933 780 2990 loram
805 2936 898 3006 gennit
948 2953 1110 2994 enumcrare
1127 2935 1342 2992 contentusiuit.
1358 2935 1441 2992 Plane
1462 2952 1523 2993 cum
1542 2937 1593 2993 sibi
1613 2950 1742 3007 persona·

107 3027 266 3093 0cboriam,
281 3025 414 3083 chozias
428 3026 523 3098 genuit
539 3026 612 3092 ioas,
625 3025 688 3082 Joas
699 3028 791 3098 genuit
814 3030 897 3083 hma-
948 3041 1009 3081 rum
1027 3025 1168 3080 multitudo
1181 3031 1346 3095 suppeteret,
1358 3024 1446 3080 noluit
1460 3033 1490 3079 ut
1502 3039 1617 3095 persona
1630 3038 1742 3097 genera·

106 3118 186 3185 siam,
217 3118 342 3174 hmasias
362 3117 455 3189 gennit
478 3115 583 3181 oziam,
607 3116 653 3188 qui
677 3126 704 3171 et
723 3117 777 3171 alio
790 3096 933 3171 nourineC
950 3096 1067 3173 tionibus
1081 3126 1251 3187 superesset;
1268 3116 1315 3172 sed
1329 3127 1358 3171 ut
1372 3118 1586 3188 generationum,
1603 3131 1636 3172 ac
1648 3129 1743 3186 perse·

106 3204 212 3265 dicitnr
226 3209 338 3264 haurias
361 3207 419 3281 lii
437 3207 499 3280 Req.
520 3220 566 3263 urr
580 3207 602 3280 ).
627 3208 681 3263 Cnr
706 3207 788 3279 igitur
806 3207 897 3264 iorum
950 3224 1047 3264 narum
1069 3208 1121 3263 sibi
1145 3207 1262 3263 inuicem
1277 3222 1406 3263 numerus
1421 3206 1561 3277 aequaliter
1574 3205 1740 3275 conveniret.

105 3312 161 3353 non
186 3296 344 3365 0cboaiam,
364 3297 465 3354 dieitur
479 3298 605 3368 genuisse
628 3313 710 3368 quem
724 3299 834 3369 gennit,
850 3300 898 3355 scd
949 3295 1013 3354 ileo
1025 3299 1127 3368 itaque,
1142 3299 1296 3353 verterande
1308 3294 1403 3363 irater,
1418 3305 1447 3353 ut
1460 3296 1518 3368 ipse
1531 3295 1643 3368 peruigil
1655 3294 1743 3353 mcdi·
1787 3304 1793 3321 '

106 3387 196 3461 potius
208 3387 314 3455 briam,
329 3388 374 3458 qui
398 3386 455 3458 jam
475 3386 569 3459 procul
592 3386 627 3443 ab
641 3386 687 3445 illo
701 3389 812 3460 quintus
826 3388 898 3445 absi·
948 3398 1018 3455 tare,
1042 3397 1071 3444 et
1092 3403 1154 3444 cnm
1178 3387 1346 3460 sapientibus
1372 3386 1426 3444 tuis
1449 3388 1528 3444 stude
1552 3387 1687 3454 conferre,
1711 3392 1744 3441 ut

106 3477 214 3536 stltiSi
228 3491 293 3549 ergo
315 3476 500 3534 interieram
523 3486 551 3533 et
564 3477 658 3535 Ouium
679 3493 739 3535 esse
757 3480 896 3550 generatio
948 3479 1061 3535 aliorum
1075 3479 1141 3536 mibi
1157 3479 1240 3536 iultus
1259 3478 1371 3545 auxillo,
1393 3487 1497 3535 certum
1514 3479 1580 3549 quid
1594 3476 1742 3536 raleasre·

107 3570 216 3638 dieitur,
230 3583 285 3625 non
299 3569 371 3639 quod
385 3568 466 3626 licias
480 3569 516 3626 ah
526 3568 617 3627 loram
631 3570 668 3627 sit
686 3570 801 3641 genitus,
816 3570 897 3643 19ss
949 3570 1093 3640 spondere.
1112 3569 1244 3627 Rescribe
1258 3569 1350 3642 igitur,
1363 3569 1387 3626 el
1401 3569 1429 3625 in
1447 3558 1626 3642 supputandis
1640 3581 1743 3646 paren·

107 3659 236 3730 scdqucd
253 3658 346 3716 abillo
360 3659 531 3732 perlongum
547 3659 668 3717 continui
683 3662 791 3733 generis
804 3663 896 3718 tradu—
949 3659 1010 3716 telae
1029 3661 1234 3732 gradibua,uei
1249 3660 1276 3716 in
1290 3675 1323 3716 eo
1343 3673 1519 3730 perseuerare
1532 3656 1742 3730 debeam,quod

106 3753 215 3810 comsit
231 3753 396 3824 productus;
412 3752 617 3824 quidprobihet
638 3752 709 3808 inter
730 3752 843 3810 hieriam
868 3762 897 3810 et
948 3758 1013 3807 ante
1034 3750 1183 3822 descripsi;
1206 3749 1250 3806 rel
1285 3764 1418 3821 usurpare
1442 3750 1532 3822 potius
1559 3747 1634 3822 quod
1654 3761 1743 3835 nuper

104 3840 218 3912 ioseph,
232 3842 278 3914 qui
291 3841 684 3915 proculdubioconsanguiuei
699 3851 896 3914 sunt,genera·
949 3841 1052 3909 inveni,
1075 3851 1106 3898 ut
1129 3842 1223 3898 duma
1241 3850 1267 3899 te
1281 3842 1349 3898 mihi
1364 3840 1457 3900 multb
1479 3855 1595 3899 onerosa
1616 3839 1742 3898 dubium

108 3932 207 3988 sionem
220 3934 273 3990 diei
287 3948 337 4005 per
348 3935 493 4005 quamdam
507 3933 613 3990 scilicet
628 3934 682 3989 rim
696 3942 724 3990 et
738 3935 896 4006 mysterium
949 3930 1062 3996 tollitur,
1079 3946 1094 3986 a
1113 3931 1206 3988 multis
1222 3931 1271 3989 tibi
1289 3945 1339 4003 per
1351 3946 1396 3989 me
1408 3932 1487 4004 digua
1501 3931 1650 4004 gratiarum
1669 3929 1741 3987 actio

113 4023 288 4080 :acraruerrtil
312 4023 345 4080 iit
368 4026 392 4081 si
415 4025 607 4096 comprehendi
631 4041 684 4082 non
708 4034 807 4096 potest,
832 4039 900 4096 quo-
947 4020 1089 4078 reseratur.

111 4106 187 4169 nbdo
207 4113 333 4171 Chrisurs
353 4130 387 4171 ex
408 4116 515 4189 uirgine
534 4115 670 4181 nascitur;
682 4115 748 4185 quid
762 4116 861 4172 mirum
875 4116 898 4171 si
1107 4111 1147 4169 Sit
1162 4129 1255 4168 nomeu
1269 4112 1376 4169 iioutiui
1387 4113 1559 4169 homicium.

441 4465 622 4538 ¹⁹⁷⁴oe
661 4487 1084 4610 OPUSCULUM
1126 4492 1400 4613 NONUM.

316 4710 366 4774 DE
385 4710 667 4774 Etuubosvul.
691 4714 746 4777 ub
766 4712 1013 4778 uuluuubblt
1032 4715 1256 4781 EPISCOPUM
1277 4720 1524 4786 biblitanum.

766 4926 1062 4945 -Μ

106 5062 304 5118 incursuros.
315 5054 419 5140 -iffrre
433 5058 540 5113 coeteris
554 5056 700 5139 uirtutibus
713 5056 911 5129 eleemosynam
924 5059 1095 5129 potissimum
1108 5062 1291 5129 commendat,
1306 5061 1333 5119 in
1346 5062 1423 5133 cujus
1438 5063 1530 5124 laudes
1539 5067 1592 5126 boc
1604 5067 1739 5141 opusculo

348 5142 391 5182 srr
411 5136 520 5183 sanctus
542 5126 705 5198 eloquentie
719 5128 794 5182 laxat
810 5129 945 5196 habenas,
960 5139 988 5181 et
1009 5145 1104 5186 omnes
1118 5130 1219 5201 ingenii
1233 5134 1275 5189 sui
1292 5135 1363 5191 sites
1374 5131 1499 5191 cilrmdit.

141 5308 244 5361 bonrno
260 5305 403 5361 ilarnnaoo
418 5302 543 5360 Urbinati
566 5300 726 5357 venerandus
740 5301 893 5359 sanctitatis
908 5306 932 5365 1)
945 5302 989 5358 liis
1001 5303 1131 5373 disputat.
1145 5301 1205 5360 Non
1219 5304 1308 5363 otiose
1329 5308 1511 5378 quiescimus,
1533 5311 1557 5368 si
1572 5312 1738 5382 quiescendo

116 5399 244 5468 piscopo,
258 5398 366 5453 Pennus
391 5405 521 5467 peccator
547 5393 697 5449 ruortaehus
719 5391 837 5449 salumn
867 5393 895 5448 in
947 5391 1086 5448 delabere
1101 5401 1260 5450 tractamus.
1274 5394 1334 5463 Quo
1347 5397 1557 5455 seilicetordine
1576 5401 1738 5458 reldnlcior

107 5490 229 5545 bornino.
946 5479 1068 5552 fructus,
1092 5482 1134 5539 rel
1158 5484 1277 5541 feracior
1298 5487 1387 5543 valeat
1408 5487 1558 5545 exuberare
1581 5501 1736 5561 proventus.

140 5579 191 5645 Qui
206 5577 256 5632 snb
271 5578 364 5632 aestiuo
378 5576 539 5632 meridiatur
560 5576 734 5641 rrmbraculo,
749 5583 776 5631 ct
789 5583 853 5630 tunc
866 5575 912 5629 in·
947 5575 997 5643 Qui
1011 5575 1084 5648 regia
1094 5576 1248 5633 diversatur
1257 5578 1285 5643 in
1296 5579 1383 5646 curia,
1394 5590 1509 5637 cuncus
1519 5582 1616 5636 virium
1627 5596 1737 5638 suarum

106 5669 198 5742 prelio
212 5683 266 5723 non
279 5666 394 5733 laborat,
407 5676 432 5721 et
445 5675 534 5723 tamen
551 5683 604 5724 non
619 5668 766 5738 incongrue
780 5667 812 5723 dc
825 5681 894 5731 prse-
946 5666 1021 5723 dotes
1036 5665 1175 5727 explorat.
1189 5667 1292 5743 siquid
1307 5676 1349 5726 est
1362 5669 1434 5727 unde
1447 5670 1641 5744 principalibus
1652 5673 1737 5730 oculis
