4017 6192
140 241 190 301 511
368 242 397 303 S.
421 243 532 305 PETRI
552 247 715 308 patriani
736 250 814 312 OPP.
836 254 963 316 uoltus
983 254 1055 317 SEU
1074 254 1171 315 Pans
1189 252 1241 312 111„
1263 286 1296 296 -
1315 252 1511 314 opusculis
1533 253 1663 313 VARIA.
1840 248 1895 308 512

140 367 222 443 prius
245 381 297 442 per
321 369 533 431 confessionem
547 374 662 447 propria
681 376 817 436 studeant
830 385 924 438 errata
937 379 1210 443 cor-Asententiam
1233 382 1328 438 teneat
1350 377 1374 437 si
1399 378 1475 437 hauc
1500 376 1623 437 clericus
1648 391 1708 435 non
1732 374 1895 435 observati

45 473 58 478 ·
140 452 242 526 rigere,
257 455 389 529 quialiis
408 457 511 518 volunt
526 476 653 521 errorem
667 465 874 526 confitentibus
890 469 996 529 subve-
1038 467 1178 545 Nunquid
1203 467 1360 543 coniugati,
1390 463 1723 550 quiliiiOS'ssssitiUssi,
1755 466 1807 540 qui
1835 465 1896 548 Del?

139 542 214 603 nire.
377 559 380 570 ’
575 605 578 610 ,
1037 557 1163 617 decimas
1189 572 1227 616 eu
1254 555 1345 631 ipsius
1372 555 1541 614 auctoritate
1565 552 1772 628 persolvunt?
1800 580 1813 603 α
1838 552 1896 624 Qui

479 620 602 681 CAPUT
621 624 656 685 V·
1037 649 1115 707 enim
1143 649 1237 717 oliert,
1266 653 1298 706 ut
1326 646 1434 705 Paulus
1460 645 1510 718 ait,
1537 660 1655 705 necesse
1680 650 1724 704 est
1749 657 1818 703 eum
1844 643 1897 703 ali·

120 717 219 783 'Quod
241 719 391 773 communio
417 720 482 775 oitae
507 724 633 778 nemnem
658 729 776 798 spiritus
802 735 827 786 et
850 733 995 788 rectitudi·
1037 737 1109 811 quid
1135 736 1241 794 hahere
1278 733 1356 808 quod
1391 734 1491 793 offerat
1516 735 1610 806 (Hebr.
1639 734 1713 806 vnn,
1740 755 1755 783 ι
1783 731 1897 792 Deinde

474 807 657 885 nern‘pmict.
1016 857 1018 860 -
1037 826 1182 901 quomodo
1197 824 1302 900 poterit
1318 823 1348 881 in
1364 823 1451 882 circeo
1466 822 1534 897 quis
1553 821 1742 898 psallentium
1756 822 1897 881 constitu-

175 900 362 986 Quapropter,
390 905 564 981 charissimi,
592 913 617 969 si
642 913 731 973 vultis
750 915 781 974 in
806 919 914 992 populo
932 920 994 992 Dei,
1039 920 1095 985 tus,
1121 914 1287 974 cortitum
1311 913 1340 971 io
1365 911 1493 971 oratione
1510 920 1617 983 tenere,
1635 910 1736 986 quide
1750 911 1898 970 loculiset

49 1065 53 1076 ι
140 989 248 1066 quibus
263 992 649 1074 ad=exemplumpraepositi
664 1004 744 1075 estis,
761 1005 837 1065 inter
855 1024 929 1083 quos
950 1010 997 1070 lu·
1039 1000 1112 1059 519
1126 1001 1326 1077 capsidilibus,
1347 1016 1385 1059 ne
1406 1001 1505 1062 audax
1527 1000 1644 1060 ddioiei
1669 1016 1785 1071 minui,
1812 1016 1897 1060 010st

139 1082 209 1140 cetis
243 1085 327 1158 quasi
365 1085 522 1148 luminaria
560 1092 591 1149 in
628 1097 748 1169 mundo,
778 1099 902 1158 verbum
929 1101 998 1161 vitae
1039 1090 1134 1167 giiii?
1158 1092 1194 1150 <ie
1217 1091 1373 1164 immicis,
1397 1098 1426 1150 θῑ
1452 1091 1573 1161 imis,
1599 1107 1636 1149 sse
1658 1089 1773 1149 iniibus
1798 1089 1895 1150 mma-

109 1173 320 1242 ncontinentes
349 1193 356 1246 3
388 1178 413 1235 si
441 1179 552 1251 vultis,
581 1182 723 1257 inquam,
751 1186 827 1246 inter
854 1206 903 1250 θος
932 1192 998 1250 aui·
1039 1181 1146 1252 lentur,
1159 1180 1334 1240 addubitat?
1350 1195 1386 1239 ne
1400 1196 1459 1239 nou
1475 1196 1549 1239 serae
1574 1180 1673 1239 minus
1698 1178 1798 1239 fideles
1821 1178 1898 1238 obsi·

78 1297 86 1322 ,
139 1276 255 1319 marum
280 1260 360 1321 lucre
383 1268 565 1342 conquirere,
593 1271 618 1329 si
640 1279 769 1332 errantes
789 1275 825 1333 ad
848 1276 998 1350 religionis
1039 1278 1123 1342 sant.
1140 1273 1275 1346 liquide
1289 1272 1389 1332 furum
1413 1263 1527 1347 se'mper
1545 1270 1898 1345 ⁰bseli⁹¹¹ii¹¹ffiiii¹¹piiii

81 1403 86 1414 .
140 1351 210 1410 libet
229 1351 430 1412 rectitudinem
453 1372 617 1430 provocare,
629 1360 660 1419 in
675 1361 889 1438 vobismetipsis
906 1366 996 1439 prius,
1039 1378 1077 1421 ne
1091 1359 1250 1421 formidati
1264 1361 1325 1434 Ego
1337 1366 1435 1420 autem
1451 1360 1572 1421 forsitan
1591 1362 1726 1434 mentior,
1748 1360 1798 1420 sed
1819 1375 1898 1421 nun·

139 1439 164 1498 si
183 1454 242 1513 qua
260 1446 336 1508 sunt,
362 1441 479 1515 obliqua
499 1443 622 1520 dirigite,
649 1454 676 1506 et
692 1448 728 1505 ad
749 1450 877 1509 scholam
892 1443 997 1512 Christi
1039 1446 1112 1523 quid
1136 1446 1249 1506 Veritas
1275 1448 1379 1522 poterit
1403 1449 1531 1520 mentiri,
1555 1464 1622 1525 quta
1642 1449 1733 1510 dissii²
1753 1472 1764 1501 ¹
1781 1449 1896 1522 Uitissssi

140 1525 230 1583 simul
249 1528 465 1599 convenientes,
484 1531 515 1589 in
533 1536 740 1595 eornmunioue
755 1538 824 1598 vitae
844 1545 870 1598 et
889 1543 998 1602 unione
1039 1536 1194 1596 thesaurus
1218 1542 1295 1605 tuus,
1313 1535 1355 1595 ibi
1376 1543 1418 1597 est
1443 1545 1471 1599 ei
1496 1553 1545 1598 cor
1569 1545 1663 1597 tuum.
1682 1561 1692 1588 ⁸
1711 1541 1822 1607 (liadi-
1839 1551 1895 1611 vt;

140 1614 258 1688 spiritus
280 1619 458 1677 concorditer
479 1631 654 1695 permanete.
672 1627 736 1686 Nou
759 1627 836 1688 inter
852 1646 903 1689 vos
918 1632 996 1692 divi·
1037 1628 1102 1685 itit·
1120 1629 1186 1694 ΧΠ.)
1210 1625 1246 1686 El
1268 1625 1341 1686 f⁰tie
1359 1627 1539 1687 tolerabilius
1560 1633 1734 1699 censeretur,
1748 1629 1773 1687 Si
1786 1628 1819 1688 in
1833 1629 1897 1691 ⁸¹1i⁸

140 1702 183 1800 sio
200 1703 236 1761 sit
252 1705 415 1777 domorum,
432 1725 491 1768 non
510 1712 635 1772 scissura
651 1717 805 1787 mentium,
823 1734 880 1777 nou
898 1716 1238 1798 diver-Bpenetrallbus
1262 1717 1356 1777 officia
1374 1719 1476 1778 diviua
1495 1728 1676 1795 peragerent,
1700 1734 1734 1779 ac
1757 1735 1817 1779 nou
1834 1720 1898 1780 lon-

142 1795 212 1849 srtas
229 1791 408 1854 facultatum.
425 1796 600 1860 Mementote
619 1819 741 1877 semper,
766 1805 893 1880 quiade
917 1812 1001 1871 sectis
1042 1808 1107 1882 gius
1130 1806 1304 1878 laborantes,
1319 1807 1362 1867 ibi
1385 1808 1479 1868 Deum
1497 1816 1670 1885 quaererent,
1698 1810 1750 1870 uhi
1780 1809 1896 1883 peculia

24 1883 58 1936 ,“·
142 1879 290 1954 lapidibus
304 1882 395 1944 altare
407 1889 539 1962 reprobat
555 1889 650 1952 Deus:
669 1918 679 1944 ι
697 1894 728 1953 Si
744 1896 822 1955 enim
846 1899 997 1973 levaveris,
1042 1896 1236 1968 custodirent;
1253 1905 1284 1956 ut
1309 1914 1377 1958 curn
1399 1898 1459 1959 illis
1485 1899 1648 1961 diceretur:
1671 1926 1686 1951 α
1705 1900 1762 1962 Ubi
1775 1906 1819 1962 eat
1831 1902 1896 1961 the·

141 1967 246 2042 inquit,
262 1985 362 2071 super
385 1990 454 2034 eum
480 1978 606 2038 cultrum
628 1988 712 2040 tuum
736 1984 884 2057 polluetur
897 1992 995 2060 theod
1040 2002 1146 2046 saurus
1159 1992 1239 2058 tuus,
1259 1985 1301 2045 ihi
1324 1994 1368 2046 est
1383 1993 1411 2048 et
1430 1969 1480 2049 ior
1502 1996 1586 2050 tuum
1601 2010 1609 2063 ;
1626 2012 1641 2046 a
1659 2006 1718 2052 non
1737 1992 1897 2068 incongrue

141 2061 207 2158 axi.
225 2079 239 2159 '.'
261 2059 337 2119 Secti
361 2064 469 2139 quippe
489 2068 600 2142 lapides
622 2077 702 2143 suut,
728 2075 780 2148 qui
798 2078 933 2138 fraterna
955 2096 1012 2140 so·
1040 2076 1238 2138 subderetur:
1256 2074 1307 2134 uhi
1323 2078 1463 2137 estetiam
1476 2074 1555 2160 Deus
1569 2087 1646 2140 tuus.
1899 2155 1906 2159 g

141 2153 251 2212 crataas
271 2156 449 2217 consortium
473 2169 615 2234 respuunt
625 2185 633 2233 ;
656 2164 707 2238 qui
729 2167 829 2226 vivere
852 2185 921 2230 cum
938 2171 998 2231 ira·
1080 2164 1583 2242 52⁰Sedtl11011i³ffli0⁸hae⁰¹i0ss
1598 2168 1897 2240 ridendaesbsstddti·
1913 2169 1916 2174 ¹

143 2240 247 2340 trihus,
263 2249 290 2302 et
302 2243 464 2334 conversari
480 2252 658 2313 concorditer
672 2256 785 2315 nolunt.
801 2258 886 2319 Tales
899 2268 998 2324 autem
1040 2256 1136 2326 lenda,
1151 2257 1267 2317 obsecro
1291 2273 1354 2328 vos,
1375 2257 1556 2316 dilectissimi
1576 2258 1649 2317 mihi
1666 2258 1778 2330 fratrea,
1796 2264 1825 2317 et
1842 2258 1893 2318 do·

144 2329 276 2390 Christus
299 2331 330 2390 in
358 2350 412 2394 suo
436 2352 495 2396 non
521 2340 622 2414 recipit
641 2357 768 2416 corpore,
784 2360 887 2418 uuosa
910 2363 1019 2409 mem*
1041 2346 1126 2419 mini,
1142 2347 1240 2421 nolite,
1256 2363 1322 2421 quae
1338 2346 1533 2420 suggerimus,
1551 2347 1768 2422 parvipendere,
1794 2347 1845 2407 sed
1861 2347 1895 2406 iu

142 2417 261 2479 brorum
285 2437 406 2484 suorum
431 2433 520 2487 sectos
533 2428 645 2503 judicat
665 2433 786 2491 unitate.
804 2433 845 2495 lie
858 2435 918 2496 illis
934 2454 999 2513 por·
1041 2436 1138 2497 schola
1153 2453 1204 2497 vos
1217 2437 1324 2497 Christi
1337 2437 1391 2497 suh
1405 2436 1560 2512 disciplina
1573 2438 1664 2496 sancti
1685 2437 1810 2512 Spiritus
1824 2453 1894 2498 con·

43 2517 47 2538 ¹
142 2523 176 2567 ro
198 2511 344 2584 lapidibus
365 2515 455 2575 altare
480 2525 523 2576 est
544 2521 640 2594 potius
659 2521 872 2598 fabricandum,
892 2527 1000 2601 quibus
1040 2533 1175 2603 gregato,
1197 2532 1342 2602 quatenus
1358 2527 1419 2600 ipse
1432 2527 1587 2587 uobiscum
1602 2543 1693 2601 nunc,
1706 2534 1735 2587 et
1748 2542 1842 2602 usque
1857 2526 1895 2586 ad

142 2599 244 2661 Petrus
266 2603 335 2662 dicit
360 2607 525 2679 apostolus:
549 2633 559 2661 ι
581 2611 616 2669 lit
640 2612 696 2686 ipsi
722 2619 860 2688 tauquam
888 2616 998 2690 lapides
1038 2617 1318 2677 consummationem
1345 2617 1447 2676 saeculi
1471 2620 1582 2688 thictth
1606 2622 1726 2705 satur),
1752 2618 1831 2694 sicut·
1852 2624 1896 2677 ast

142 2690 204 2749 vivi
222 2695 493 2767 superaedificamini
511 2699 616 2759 domus
626 2701 792 2775 spirituales
805 2709 828 2772 tl
843 2709 913 2764 Patr.
927 2712 994 2773 ni.-
1035 2707 1194 2783 pollicitus,
1214 2713 1338 2778 maneat,
1367 2714 1395 2766 et
1421 2709 1457 2767 ad
1477 2708 1568 2767 Patris
1593 2707 1642 2766 sui
1666 2709 1790 2780 gloriam
1816 2707 1895 2768 felici
1928 2704 1939 2712 “

143 2780 196 2840 Cui
221 2782 354 2843 videlicet
377 2786 478 2847 domui
499 2788 549 2848 ille
573 2791 796 2852 fundamentum
817 2803 869 2865 est,
894 2805 999 2871 praeter
1038 2796 1221 2873 postmodum
1237 2814 1289 2857 vos
1303 2785 1535 2856 remuneratione
1551 2797 1695 2872 perducat.
1711 2797 1894 2869 Quibusdam

143 2870 221 2944 quod
238 2887 298 2932 nou
313 2881 406 2948 potest
427 2877 507 2937 aliud
530 2880 599 2952 poni
615 2882 638 2953 (l
648 2884 710 2946 Cor.
726 2891 770 2953 tu)
785 2902 793 2955 ;
810 2884 859 2944 ille
875 2888 996 2947 summi·
1039 2885 1112 2944 forte
1126 2884 1302 2968 displiceam,
1323 2884 1392 2958 quia
1404 2883 1477 2943 dum
1490 2884 1563 2943 alios
1575 2884 1652 2943 iutra
1668 2884 1810 2959 regularis
1825 2886 1894 2945 vitta

145 2967 197 3029 tas,
213 2961 264 3037 qui
278 2964 371 3023 factus
383 2972 425 3023 est
442 2966 473 3026 io
491 2976 575 3042 caput
586 2972 689 3044 anguli
704 2977 789 3042 (Psoi.
806 2979 908 3039 exunt.
924 2978 999 3038 ura
1039 2974 1160 3033 limitem
1180 2988 1358 3047 compescere
1376 2973 1476 3047 gestio,
1499 2972 1561 3047 ipse
1586 2973 1705 3032 modum
1728 2973 1893 3048 compendii

32 3109 39 3126 ,
144 3056 220 3148 terea
246 3053 379 3130 nunquid
404 3056 493 3117 otiose
512 3060 640 3134 precipit
666 3061 828 3124 Dominus:
858 3089 872 3117 ι
892 3067 995 3139 Nolite,
1009 3061 1199 3164 cepistolaris
1220 3063 1338 3122 excedo,
1368 3061 1423 3121 Sed
1447 3060 1555 3136 optime
1575 3068 1785 3137 compensatur,
1807 3060 1831 3120 si
1848 3076 1895 3119 ar·

143 3139 250 3212 roqutt,
277 3141 470 3204 thesaurizare
492 3147 575 3206 vobis
601 3145 751 3211 thesauros
774 3153 805 3210 in
831 3161 917 3229 terra,
943 3156 995 3215 ubi
1036 3152 1136 3227 guitur
1149 3149 1302 3222 imperitia
1315 3149 1444 3223 scriptor,
1464 3149 1622 3208 dummodo
1632 3149 1762 3225 proficiat
1775 3149 1893 3223 sapien·

143 3241 252 3302 satage,
280 3236 307 3287 et
328 3231 405 3291 tinea
419 3234 585 3306 demolitur,
601 3244 628 3295 et
641 3236 693 3296 ubi
709 3238 787 3299 iures
801 3243 953 3315 effodiunt,
969 3251 997 3304 at
1038 3249 1081 3302 ter
1094 3241 1217 3300 auditor.

143 3315 303 3377 furantur?
318 3339 331 3372 v
347 3324 459 3389 (batth.
474 3328 527 3396 vt.)
541 3323 623 3396 Quis,
638 3342 748 3401 quaeso,
765 3329 856 3404 hujus
867 3332 996 3392 mandati
1162 3347 1168 3356 ¹
1231 3333 1382 3391 siccamen
1394 3336 1505 3392 bcmim
1520 3313 1696 3392 horedmtr‘tm.

142 3522 1892 3554 Ἣ

294 3677 456 3738 ⁵²¹·⁵2²
500 3669 923 3821 opuscuuuu
964 3653 1348 3820 vtcssmuu
1393 3705 1741 3822 ocravuu.

437 3949 443 3958 s
474 3915 772 3988 secundantibus
798 3925 1074 4022 MQNACHORUM
1101 3921 1305 4008 ADVERSUS
1334 3922 1561 4038 cartontnos

1441 4167 1447 4192 Ι

141 4222 364 4280 Annuusnruu.
379 4251 414 4263 -
428 4219 596 4290 Queruntur
609 4225 755 4296 monachi,
769 4225 845 4300 quod
861 4242 878 4283 a
893 4232 969 4286 coetu
989 4228 1076 4287 totius
1092 4213 1227 4288 Ecclesiae
1241 4241 1293 4302 per
1303 4225 1461 4287 canonicos
1475 4224 1590 4285 exclusi
1609 4223 1727 4292 fuerint,
1748 4239 1816 4284 cum
1838 4225 1896 4298 ipsi

176 4290 213 4348 ah
229 4291 374 4363 apostolis,
389 4291 448 4349 imo
463 4309 480 4350 a
495 4295 642 4366 prophetis
659 4311 743 4354 suam
756 4296 898 4358 traxerim
911 4299 1064 4370 originem.
1084 4299 1190 4359 Severe
1208 4298 1370 4374 quemdam
1387 4299 1526 4371 arguunt.
1547 4296 1598 4371 qul
1612 4311 1702 4355 ausus
1715 4300 1758 4354 est
1771 4296 1867 4355 dicere
1884 4314 1892 4353 :

179 4363 204 4420 Α
219 4363 370 4421 monachis
389 4362 526 4422 Ecclesiae
541 4374 720 4424 sacramenta
744 4367 826 4424 nullo
848 4376 928 4440 paeto
952 4384 1014 4428 esse
1031 4371 1234 4430 ministranda.
1250 4370 1381 4452 Denique
1394 4368 1528 4443 exemplo
1542 4375 1710 4430 sauctorum
1724 4367 1896 4441 Augustini,

179 4432 363 4562 fflssss‘ssgimi'
380 4435 532 4495 Athanasii
557 4445 584 4495 et
608 4436 722 4496 decreto
749 4437 891 4498 Bonifacii
915 4456 996 4514 papae
1019 4442 1059 4501 1v
1082 4442 1204 4517 probant
1229 4443 1338 4517 ligandi
1352 4448 1380 4500 et
1393 4440 1525 4500 solvendi
1548 4445 1717 4515 potestatem
1740 4438 1901 4498 monachos

149 4647 152 4660 ’
179 4666 295 4727 Cunctis
313 4668 521 4728 amantissimis
535 4667 646 4729 clericis
662 4685 695 4730 ac
717 4671 875 4747 canonicis,
896 4678 1027 4738 omnesD
1038 4674 1160 4749 scripsit,
1184 4673 1348 4749 primitivos
1370 4671 1546 4732 Christianos
1567 4670 1736 4745 monachos,
1762 4686 1822 4730 non
1848 4686 1898 4730 ta·

142 4757 319 4817 unanimiter
336 4757 481 4816 monachi.
596 4817 604 4849 ι
717 4749 734 4762 ‘
1040 4762 1160 4823 noricos
1185 4769 1286 4834 vocvt;
1318 4767 1345 4820 et
1383 4758 1548 4818 habitacula
1584 4772 1686 4818 eorum
1723 4758 1900 4817 monasteria

178 4847 315 4920 Multum,
340 4848 442 4907 fratres
463 4848 635 4918 charissimi,
657 4847 680 4906 si
700 4848 782 4923 digni
801 4850 869 4910 estis
886 4850 998 4923 audire,
1041 4857 1193 4926 nuncupat
1226 4867 1259 4910 ao
1291 4847 1508 4924 quamplurima
1544 4847 1623 4919 dicit,
1652 4862 1701 4906 eos
1736 4845 1901 4904 laudabilia

143 4939 296 5010 miramur,
310 4940 455 5015 quomodo
479 4940 525 4997 vel
546 4940 583 4999 oh
604 4956 691 5014 quam
713 4956 829 5000 causam
853 4943 999 5016 conamini
1040 4941 1143 5015 egisse,
1172 4948 1199 4999 et
1229 4937 1442 5012 conscripsisse.
1473 4935 1564 4995 Certe·
1586 4934 1688 5007 nostri,
1717 4950 1773 4996 nou
1807 4935 1898 4992 vestri

145 5043 197 5086 uos
220 5044 236 5086 a
259 5026 402 5087 consortio
425 5036 452 5085 et
466 5023 583 5100 ‚aniate
603 5027 776 5108 universalis
799 5029 933 5088 Ecclesiae
954 5046 999 5088 se·
1040 5033 1152 5093 ordinis
1176 5032 1289 5106 Moyses
1312 5036 1341 5088 et
1366 5028 1444 5087 Elias
1469 5028 1550 5086 fuere
1579 5028 1677 5097 tsscod.
1694 5038 1745 5095 ut;
1767 5029 1807 5083 fil
1827 5029 1897 5094 lieo.

142 5134 265 5196 pararp:
285 5132 351 5177 cum
375 5123 485 5177 constet
506 5118 702 5191 amonaphis,
727 5135 784 5177 non
813 5135 829 5177 a
852 5120 999 5179 canonicis
1041 5127 1127 5194 xvtt),
1150 5134 1282 5181 eremum
1304 5117 1355 5193 qui
1379 5115 1548 5176 incoluere:
1571 5114 1660 5178 nostri
1682 5120 1813 5174 auctores
1830 5129 1900 5186 gre·

138 5209 338 5296 urviversalem
364 5208 519 5269 Ecclesiam
542 5210 702 5282 fundatam,
725 5212 915 5286 gubernatam
937 5222 999 5272 eta
1039 5228 1089 5288 ges
1117 5210 1321 5285 prophetarum
1342 5221 1410 5265 cum
1429 5203 1539 5279 quihus
1564 5202 1703 5277 reprobus
1727 5200 1794 5262 Saul
1821 5215 1900 5299 saepe

143 5303 258 5362 diverso
281 5309 376 5362 errore
397 5303 560 5363 cribratam:
588 5303 715 5378 apostoli
738 5320 842 5378 nempe
863 5303 998 5364 fundato·
1040 5298 1167 5357 cantavit
1184 5302 1210 5368 (l
1235 5300 1301 5366 ch.
1319 5299 1396 5354 XVi·
1417 5293 1551 5366 Longum
1574 5299 1616 5350 0⁵1
1640 5291 1761 5366 lisinis
1785 5288 1900 5347 V0¹⁰l¹⁸

143 5412 199 5466 res,
226 5402 254 5451 et
282 5403 404 5454 rectores
438 5393 633 5455 Ecclesiarum
671 5403 777 5467 nostro,
807 5410 866 5480 pon
903 5403 998 5454 vestro
1041 5387 1217 5448 Testamenti
1238 5386 1397 5456 rOVOlvete.
1426 5383 1579 5442 Veniamus
1601 5382 1637 5441 id
1666 5378 1915 5453 N0l1¹⁰¹=Cu0i

125 5502 224 5545 -nrorc
253 5485 398 5555 vivebant,
426 5492 459 5545 ut
491 5485 584 5545 Lucas
611 5485 788 5560 evangelista
815 5485 846 5550 in
876 5485 999 5545 Actibus
1040 5471 1126 5553 supra
1153 5479 1338 5553 reliquimus.
1366 5474 1518 5551 Apostolos
1538 5480 1629 5546 certa
1658 5479 1686 5530 et
1717 5486 1897 5531 successores

144 5573 338 5650 apostolorum
362 5576 448 5634 refert
470 5576 543 5639 (Aet.
563 5575 609 5639 tl:
634 5583 662 5636 et
685 5576 768 5636 Philo
792 5575 999 5635 disertissimus
1040 5588 1152 5644 eorum,
1169 5572 1193 5630 si
1209 5570 1427 5644 irreverberatis
1442 5567 1533 5628 oculis
1557 5564 1677 5641 paginas
1693 5563 1766 5624 Novi
1781 5563 1897 5622 lustru·

144 5666 325 5737 iudeorum,
342 5665 371 5721 in
390 5665 473 5724 libris
485 5683 557 5741 quos
571 5668 601 5726 in
620 5666 735 5726 laudem
753 5675 917 5727 nostrorum
930 5681 996 5725 eon·
1040 5661 1130 5747 menti
1155 5660 1311 5736 percipitis,
1334 5657 1504 5720 monachico
1527 5670 1585 5745 non
1604 5652 1741 5713 canonico
1755 5666 1836 5711 more
1850 5653 1897 5711 vi·
