4017 6192
127 272 160 336 or
355 273 385 338 s.
405 277 518 341 carni
536 281 699 345 usuram
716 283 794 347 ora.
815 286 940 349 rouus
960 260 1032 350 suu
1050 292 1147 354 clus
1165 292 1218 353 nr.
1239 322 1274 340 -
1292 293 1488 357 ornatuum
1507 297 1635 358 vaura.
1833 303 1869 365 aa

129 398 207 470 ricis,
233 414 287 473 ego
301 399 333 458 iu
347 401 443 461 medio
456 403 596 476 maidens,
615 405 678 467 siue
693 409 788 484 potius
811 411 1157 489 praesidensbctcritate,
1169 417 1310 492 baptisma
1324 435 1341 477 a
1359 418 1433 479 lino
1450 420 1515 494 ejus
1528 437 1692 483 successore
1720 426 1868 502 suscepit:

127 488 404 550 reverendissimum
421 493 665 555 Mediolanensem
682 499 979 577 archiepiscopumad
1020 504 1071 580 qui
1093 507 1274 580 postmodum
1305 524 1371 568 cum
1388 509 1421 569 B.
1445 508 1526 569 Celso
1545 512 1574 570 in
1603 514 1657 572 bac
1675 522 1771 576 sancta
1798 518 1871 578 urbe

128 575 299 650 sinistram
324 580 476 653 prudentia
494 598 618 659 quoque,
634 601 667 645 ac
691 590 838 659 sanctitate
864 576 978 667 cons'pi·
1019 596 1157 670 martyrio
1169 606 1320 657 coronatus
1341 603 1392 656 est.
1419 596 1516 657 Sancti
1543 615 1610 659 vero
1636 582 1777 677 martyres
1800 605 1870 666 Pra-

128 679 216 723 cuum
226 666 399 725 Anselmum
414 667 575 730 burensem
583 672 749 750 episcopum
762 679 892 750 posuisse
906 681 978 741 mrlri
1020 684 1109 744 usius
1128 695 1214 761 atque
1228 687 1386 763 Gervasiu's
1410 689 1526 749 beatum
1555 690 1681 773 Paulum
1706 697 1869 768 apostolum

127 754 282 812 accusabar
294 755 329 813 ad
343 755 503 819 dexteram
517 759 593 821 Hinc
605 778 690 836 porro
704 769 978 840 quanualrementi
1019 778 1188 853 magistrum
1216 795 1250 838 ac
1277 788 1481 855 praeceptorem
1513 782 1651 843 habuisse
1682 794 1868 861 noscuntur3

40 886 45 895 .
128 839 176 899 77
189 844 295 917 populo
311 844 366 903 dici
383 849 611 922 potuerint,ucn
640 869 758 914 neceme
778 864 821 916 est
845 860 977 933 apicibus
1017 868 1093 927 sicut
1112 869 1146 928 Β.
1171 869 1386 928 Ambrosiuset
1404 871 1466 945 ipse
1484 877 1627 932 testatur:
1645 871 1693 929 ’78
1713 875 1763 934 lsti
1788 885 1868 947 sunt,

129 933 212 1007 tradi,
230 935 307 1011 quod
332 937 473 1000 nimirum
499 956 550 1016 per
573 959 603 1002 se
625 943 701 1004 valet
720 947 852 1024 intelligi.
871 951 906 1010 Et
930 969 975 1012 re-
1015 952 1121 1031 inquit,
1137 959 1188 1033 qui
1204 958 1311 1018 monita
1334 960 1500 1019 measecuti
1527 967 1696 1034 respuentes
1710 964 1818 1036 praedia
1842 972 1870 1024 et

127 1024 267 1100 veraipse
296 1028 432 1089 dominus
459 1032 690 1111 archiepiscopus
715 1054 785 1099 mcx
812 1047 843 1100 ut
870 1050 975 1103 nostrae
1016 1044 1555 1118 diuitias,secutisuntllominincstri
1570 1050 1870 1128 uestigia.Sicutcrgo

127 1118 170 1172 est
183 1117 382 1188 praseaicuis
405 1121 582 1195 admonitus,
605 1124 728 1199 impiger
757 1127 871 1202 obtulit,
900 1132 976 1192 ultro
1018 1130 1150 1193 Salvator
1163 1143 1259 1195 noster
1269 1136 1355 1196 binos
1380 1146 1447 1196 ante
1473 1138 1575 1197 taciem
1606 1154 1688 1200 suam
1711 1141 1869 1217 discipulos

128 1203 225 1275 etiam,
239 1212 273 1264 ut
286 1208 310 1266 si
326 1223 379 1281 ego
396 1210 593 1286 praeciperem,
613 1213 645 1272 in
670 1215 805 1290 scabello,
821 1220 899 1292 quod
922 1237 975 1281 no·
1017 1218 1097 1277 misit
1118 1224 1193 1289 (Luc.
1219 1223 1273 1295 x);
1300 1224 1340 1281 ita
1365 1224 1576 1300 quodammodo
1601 1234 1723 1302 uterque
1752 1236 1870 1289 sanctus

128 1291 195 1350 stris
215 1293 332 1353 suberat
362 1297 494 1370 pedibus,
519 1300 583 1357 sine
609 1306 803 1364 controuersia
827 1308 975 1370 resideret.
1017 1308 1162 1381 apostolus
1176 1325 1213 1368 ex
1229 1311 1394 1383 magisterio
1408 1328 1461 1372 suc
1475 1313 1506 1371 in
1519 1314 1595 1372 banc
1608 1314 1710 1374 urbem
1726 1317 1868 1392 praedica-

126 1380 229 1441 Dicant
242 1383 272 1442 id
285 1399 343 1444 nou
354 1386 479 1460 simplici
497 1389 603 1449 lactum
617 1392 786 1469 inustione,
797 1396 849 1473 qui
860 1398 975 1471 uolunt3
1017 1402 1092 1457 tores
1099 1407 1208 1458 sanctas
1219 1400 1285 1459 tidei
1300 1405 1433 1475 geminos
1442 1402 1608 1463 destinauit.

125 1483 178 1527 nus
192 1476 290 1530 autem
305 1488 363 1531 nou
377 1474 432 1532 boc
446 1476 599 1537 irritationi
614 1481 714 1554 populi
729 1482 856 1556 zelantis,
871 1492 905 1544 ut
923 1487 978 1545 ler-
1053 1485 1126 1546 Cum
1153 1503 1221 1562 ergo
1249 1497 1352 1550 vestrae
1379 1491 1481 1550 salutis
1503 1498 1636 1550 auctores
1664 1508 1701 1552 ex
1728 1494 1868 1556 Romanas

126 1562 185 1629 tur,
209 1559 412 1635 adscribimus,
437 1563 487 1621 sed
510 1567 673 1640 apostolica
700 1571 777 1630 sedis
806 1560 976 1635 reverentiae
1016 1576 1153 1636 Ecclesia
1166 1578 1326 1653 prodierint
1345 1580 1507 1655 disciplina,
1528 1596 1708 1656 consequens
1719 1591 1772 1657 est,
1782 1586 1869 1660 iuxta

124 1645 308 1719 deputamus.
346 1651 384 1709 Ut
415 1658 513 1712 autem
544 1656 580 1715 ad
613 1654 816 1734 compendium
847 1665 974 1739 ueniam,
1016 1665 1161 1742 requitatis
1177 1667 1320 1737 ordinem,
1337 1675 1371 1726 ut
1383 1668 1510 1728 Ecclesia
1523 1670 1655 1745 Romana
1670 1680 1770 1745 mater,
1799 1676 1869 1734 dm·

124 1736 241 1794 ascendi
253 1736 409 1813 pulpitum,
424 1757 468 1813 ac,
484 1743 581 1805 sedato
595 1745 647 1805 uir
660 1747 776 1823 populo,
797 1749 886 1826 bajus
897 1753 1007 1835 modiB
1017 1753 1151 1813 brosiana
1165 1755 1202 1813 sit
1216 1755 1285 1814 lilia.
1299 1756 1335 1815 Ut
1352 1763 1450 1816 autem
1466 1757 1513 1815 lric
1527 1757 1680 1817 crdointcr
1702 1768 1866 1835 utramque,

124 1837 190 1884 sum
203 1824 300 1887 verbis
313 1843 445 1891 eremus.
1016 1842 1238 1927 Ambrosianum
1264 1842 1398 1902 uidelicet
1419 1850 1447 1901 et
1473 1844 1658 1918 apostolicam
1683 1847 1779 1906 sedem
1809 1865 1866 1910 nou

1016 1933 1129 1993 noviter
1142 1932 1222 2005 oriri,
1238 1932 1288 1992 sed
1300 1932 1464 2008 antiquitus
1482 1935 1609 2017 tonuisse
1620 1951 1680 1995 non
1708 1937 1866 2009 dubitetur,

1015 2023 1048 2081 Β.
1075 2022 1246 2082 Ambrosius
1274 2038 1341 2083 cum
1364 2023 1440 2082 hanc
1461 2022 1669 2084 Nicolaitarum
1691 2029 1805 2087 sordem
1830 2028 1880 2113 ad¹

161 2090 281 2153 Noverit
303 2095 427 2156 ebaritas
450 2109 555 2174 uestra,
568 2103 760 2179 dilectissimi,
773 2123 832 2168 non
855 2123 902 2168 me
923 2125 975 2183 pro
1016 2112 1175 2172 mullorum
1200 2113 1300 2172 icetere
1325 2111 1483 2186 perniciem
1504 2114 1535 2172 in
1556 2113 1609 2173 bac
1641 2116 1714 2174 urbe
1748 2117 1867 2188 doleret,

124 2177 264 2241 Romanae
280 2182 414 2246 Ecclesiae
427 2188 488 2247 buc
502 2190 612 2251 bonore
634 2194 759 2269 venisse,
776 2197 826 2256 sed
851 2205 975 2258 vestram
1015 2215 1138 2275 eamque
1154 2215 1204 2275 per
1218 2216 1249 2260 se
1263 2199 1342 2259 solus
1355 2215 1485 2260 coercere
1506 2215 1566 2261 ncn
1580 2208 1684 2276 posset,
1703 2203 1779 2263 sedis
1793 2205 1868 2278 Apo

122 2269 243 2343 gloriam
259 2288 400 2345 quaerere,
418 2278 501 2337 vobis
516 2281 640 2341 salutem
663 2291 690 2343 et
707 2286 838 2357 gratiam,
864 2304 931 2363 quaa
942 2289 975 2348 iu
1016 2288 1124 2348 stolicae
1137 2303 1207 2347 mox
1220 2288 1355 2364 quaesivit
1366 2288 1511 2348 auxilium
1524 2307 1533 2361 ;
1548 2289 1595 2349 cui
1611 2290 1744 2359 videlicet
1759 2291 1791 2359 is.
1811 2294 1863 2368 qui

124 2358 239 2422 Christo
253 2371 305 2431 est,
332 2381 399 2427 cum
414 2368 480 2443 ejus
494 2371 615 2445 auritio,
633 2374 661 2433 si
675 2376 849 2450 permittitis,
875 2380 974 2454 provi·
1015 2383 1084 2437 tuuc
1095 2384 1224 2453 praeerat,
1241 2393 1313 2451 papa
1328 2375 1450 2436 Siricius
1463 2383 1520 2436 tres
1547 2392 1693 2451 personas,
1714 2379 1862 2455 presbyte-

123 2448 201 2508 dere.
224 2448 286 2521 Quo
301 2455 380 2514 enim
393 2465 475 2533 pacto
497 2461 606 2525 bonore
621 2463 732 2539 indiget
745 2467 860 2539 parvuli
878 2467 975 2527 bomi—
1015 2481 1092 2537 rum,
1115 2465 1282 2536 diaconum,
1306 2471 1334 2523 et
1355 2465 1575 2539 subdiaconum,
1599 2467 1636 2525 ad
1656 2468 1860 2528 correctionem

123 2536 179 2610 nis,
193 2554 261 2613 (111ae
279 2540 378 2603 buces
400 2552 487 2622 atoue
511 2552 656 2623 preconia
671 2568 708 2611 ex
732 2554 824 2627 ipsius
843 2570 893 2615 ure
912 2572 976 2619 sor·
1014 2553 1175 2616 ulciscendi
1192 2554 1282 2626 hujus
1303 2553 1420 2611 sceleris
1432 2553 1595 2613 destinarit.
1609 2554 1683 2615 Cum
1703 2557 1749 2615 bis
1765 2557 1863 2632 itaque
1910 2612 1920 2622 .

126 2625 177 2686 tite
190 2628 424 2694 estSalratcris‘t
445 2636 517 2707 Quae
537 2647 634 2699 autem
647 2643 796 2715 provincia
810 2660 861 2718 per
877 2645 976 2706 omnia
1015 2642 1202 2703 beatissimus
1229 2642 1372 2718 pontifex,
1400 2658 1474 2718 quos
1501 2644 1642 2719 corrigere
1670 2661 1729 2706 ncn
1761 2648 1863 2721 potuit,

124 2729 214 2790 regna
226 2722 367 2780 terrarum
387 2722 424 2782 ab
446 2724 510 2797 eJ'us
533 2726 643 2786 ditione
664 2736 802 2788 extranea
823 2731 974 2804 reperitur,
1015 2734 1265 2792 uelutscatentem
1279 2730 1430 2791 vermibus
1453 2733 1598 2791 sentimm
1612 2751 1650 2793 ex
1673 2735 1756 2794 urhis
1778 2736 1867 2810 hujus

122 2807 206 2880 cujus
224 2807 346 2870 arbitrio
365 2810 463 2885 ipsum
487 2830 604 2891 quoque
629 2814 737 2892 poelum
761 2826 789 2877 et
810 2818 917 2893 ligatur
947 2826 975 2879 et
1017 2820 1263 2895 sagensprojecit.
1279 2819 1361 2879 Unde
1386 2819 1489 2893 etipse
1514 2819 1544 2880 S.
1559 2821 1734 2881 Ambrosius
1750 2821 1781 2880 in
1801 2837 1866 2881 om-

121 2895 271 2957 solvitur?
289 2898 396 2961 Omnes
417 2909 516 2963 autem
535 2907 596 2965 sivo
613 2907 801 2980 patriarchivi
820 2910 976 2984 qu‘uslibet
1017 2906 1244 2982 uibussequise
1267 2907 1433 2982 magistram
1459 2914 1587 2965 sanctam
1610 2908 1771 2967 Romanam
1799 2924 1867 2984 pro·

122 2983 245 3058 apicem,
269 2988 331 3048 oivo
358 2993 554 3069 metropoleon
576 2996 728 3068 opimatus,
749 3006 801 3057 aut
827 2999 976 3075 episcopa·
1017 2998 1116 3056 litetur
1130 2996 1297 3056 Ecclesiam.
1320 2994 1498 3057 Scrutamini
1524 2995 1621 3069 itaque
1644 2994 1807 3072 Scripturas
1820 3012 1867 3058 re·

496 1985 603 2036 SEEMO.

122 3077 209 3134 tuum
232 3078 391 3153 cathedras,
406 3084 453 3142 vel
475 3083 670 3146 Ecclesiarum
690 3087 900 3166 cujuscumque
926 3096 1099 3190 or-Gstras,
1116 3094 1144 3145 et
1159 3102 1211 3163 per
1227 3086 1304 3161 quod
1323 3085 1417 3173 *vultis
1440 3084 1594 3160 diligenter
1613 3086 1774 3184 inquirite;
1795 3094 1824 3147 et
1843 3089 1869 3187 si

120 3162 199 3224 dinis
215 3165 397 3251 dignitatem,
414 3174 476 3235 sive
500 3190 563 3250 rex,
582 3176 644 3235 sive
657 3176 822 3255 imperator,
847 3180 909 3240 sive
923 3197 972 3241 cu·
1016 3191 1076 3235 nou
1090 3175 1207 3249 potestis
1220 3173 1297 3249 apud
1309 3172 1498 3246 vosmetipsos
1522 3173 1655 3232 inuenire
1674 3174 1752 3250 quod
1772 3175 1867 3250 loqur·

120 3252 242 3328 juslibet
261 3263 436 3324 conditionis
451 3266 539 3326 bomo
562 3283 655 3344 purus
678 3267 815 3335 instituit.
839 3277 867 3331 et
888 3279 975 3347 prout
1016 3282 1093 3339 mur,
1120 3264 1265 3324 mendacii
1285 3264 1417 3338 arguite:
1447 3264 1472 3323 si
1497 3271 1594 3324 autem
1617 3267 1746 3341 potestis,
1779 3267 1868 3367 nolite

122 3344 266 3420 volontas,
279 3360 330 3412 ooo
343 3354 465 3415 sooolooo
477 3363 547 3426 ooot,
563 3357 731 3431 ooooioliom
751 3360 808 3420 ophi
829 3377 974 3436 ooaeoogo.
1015 3356 1130 3417 ueritati
1145 3355 1287 3426 resistere,
1303 3354 1393 3413 nolite
1416 3361 1538 3412 matrem
1563 3360 1688 3415 uestram
1713 3355 1871 3417 crudeliter

123 3432 249 3495 tivarum
265 3439 332 3513 jura
357 3444 484 3515 praeliait
499 3464 505 3503 :
521 3444 683 3505 Romanam
698 3453 796 3507 autem
816 3448 975 3509 Ecclesiam
1015 3448 1197 3522 impugnare,
1212 3444 1262 3504 sed
1277 3460 1315 3503 ex
1329 3443 1414 3521 cujus
1434 3443 1573 3503 uberibus
1593 3444 1637 3503 lac
1661 3446 1783 3506 suxistis
1797 3463 1867 3522 apc-

122 3523 203 3584 sclus
217 3526 279 3601 ipse
294 3532 438 3605 fundauit,
454 3550 541 3610 super
561 3542 672 3611 petram
689 3537 757 3597 fidei
769 3554 839 3599 mox
855 3555 975 3601 namen-
1016 3540 1125 3599 stolicae
1153 3537 1230 3608 fidei,
1260 3536 1324 3609 ejus
1338 3549 1451 3609 semper
1468 3534 1590 3608 mucleto
1608 3535 1709 3596 solidis
1731 3537 1869 3599 doctriua

123 3613 160 3673 tis
173 3618 267 3676 erexit
281 3624 392 3690 (Metto.
411 3629 486 3695 xvi),
507 3625 560 3702 qui
579 3627 662 3687 beato
681 3628 748 3688 vitae
769 3636 885 3691 aeternae
909 3630 976 3690 Cla·
1015 3625 1141 3687 coelestis
1154 3623 1279 3699 dapibus
1291 3622 1423 3682 recreari.

121 3718 220 3856 llll
236 3714 975 3882 ‘llllgllltldiubuldo,ll
1192 3764 1694 3835 commurmuratu-

120 3883 195 3944 illud
210 3887 342 3962 uerbum,
357 3908 416 3968 quo
430 3901 628 3955 mnsuuctum
642 3902 684 3955 est
698 3895 816 3963 coelum,
832 3903 859 3956 et
874 3902 949 3957 terra
965 3922 972 3956 :
1052 3882 1106 3941 1117
1129 3881 1229 3982 117777
1256 3883 1418 3981 7711771777
1436 3884 1472 3982 77
1495 3892 1686 3959 7777777777
1708 3891 1736 3984 71
1759 3903 1866 3963 7777·

122 3986 173 4046 per
189 3973 266 4050 qnod
285 3978 411 4054 denique
424 3982 649 4043 omniacondita
664 3992 732 4043 suut
746 3983 898 4055 elementa,
915 3984 974 4044 llo·
1016 3977 1085 4048 7717
1103 3971 1353 4046 871177777171177
1367 3970 1496 4045 reddrus,
1514 3973 1869 4082 77771777771777777

121 4079 237 4126 manans
255 4069 389 4131 fundauit
416 4074 584 4135 Ecclesiam.
614 4075 697 4135 lilius
719 4082 796 4136 corte
823 4075 974 4152 privilegio
1016 4063 1102 4125 77177
1115 4064 1254 4137 redditur,
1272 4071 1300 4124 71
1313 4072 1523 4125 77777717777]
1537 4081 1576 4137 77,
1594 4067 1737 4168 quidquid
1762 4085 1868 4171 rujun-

121 4157 263 4232 iuagitur,
277 4161 357 4223 illius
383 4166 551 4226 auctoritate
573 4166 702 4227 fulcitur.
730 4165 814 4225 Unda
830 4179 890 4225 nco
919 4167 974 4225 du·
1015 4155 1867 4257 777771,777717117777111771771777717777171777117

120 4243 214 4317 bium,
230 4244 299 4322 quia
313 4251 448 4326 quisquis
464 4254 582 4314 cuilibet
602 4253 739 4333 Ecclesiae
751 4253 801 4326 jus
822 4268 909 4312 suum
924 4254 974 4312 de·
1015 4247 1199 4321 personalia
1218 4247 1418 4347 ecclesiasticas
1434 4262 1530 4306 causus
1554 4255 1697 4321 quantum
1726 4247 1866 4309 Romanas

121 4335 219 4407 trabit,
234 4336 408 4412 injustitiam
430 4328 498 4402 iacit
513 4362 520 4401 ε
535 4343 587 4417 qui
602 4350 700 4401 autem
723 4341 863 4402 Romanae
876 4341 974 4401 Eccle·
1015 4336 1152 4396 Ecclesiae
1179 4351 1263 4395 nosse
1286 4334 1473 4410 privilegium
1503 4336 1598 4396 valeat
1612 4354 1620 4407 ;
1636 4353 1784 4411 quamque
1812 4338 1868 4439 hcc

119 4421 172 4482 siaa
192 4424 378 4501 privilegium
395 4429 436 4491 ab
463 4431 526 4506 ipsc
550 4446 667 4491 summo
680 4431 815 4491 omniurn
831 4430 1004 4545 Ecclesia·D
1017 4432 1179 4513 sancmtua
1190 4425 1344 4500 prudentia
1355 4441 1414 4484 uon
1429 4425 1519 4486 otiose
1544 4427 1686 4526 deposcat.
1712 4426 1794 4524 Quod
1807 4435 1867 4487 utr-

120 4529 186 4573 rum
210 4517 301 4590 capite
329 4519 465 4580 traditum
493 4523 606 4583 auterre
633 4530 762 4594 conatur,
793 4523 840 4583 bic
875 4522 974 4599 procul
1016 4514 1692 4618 (177117777777777,1771777777717777,
1719 4522 1867 4617 7117777

120 4603 209 4667 dubio
225 4608 256 4666 iu
281 4610 417 4673 baeresim
446 4615 571 4676 labitur:
587 4623 616 4676 ct
638 4632 705 4678 cum
722 4615 772 4677 ille
798 4623 914 4677 notetur
926 4617 973 4676 in-
1015 4609 1105 4683 hujus
1119 4608 1161 4668 rci
1175 4616 1263 4681 gestae
1277 4606 1359 4682 prius
1372 4606 1505 4666 ordrncm
1519 4606 1695 4706 digeramus.
1710 4606 1783 4705 Quid
1793 4606 1867 4666 mul·

118 4694 217 4770 justus
234 4721 241 4769 ;
256 4699 305 4760 bic
328 4708 371 4761 est
391 4702 531 4766 dicendus
554 4694 718 4767 baeretic‘us.
743 4705 844 4766 Fidem
865 4706 973 4782 quippe
1014 4699 1051 4759 tis
1065 4696 1188 4758 moror?
1203 4698 1291 4757 Adest
1313 4696 1484 4797 clericorum
1510 4696 1707 4795 perplurimus
1720 4694 1771 4754 rlle
1795 4709 1866 4793 con·

121 4787 219 4860 violat,
235 4790 286 4866 qui
297 4792 437 4855 aduersus
453 4796 535 4856 illam
547 4798 617 4873 agit,
639 4814 706 4872 oua
719 4804 811 4856 mater
831 4803 874 4876 est
886 4796 974 4871 fidei,
1016 4795 1132 4855 777177.
1149 4785 1353 4858 7077777117,
1366 4793 1395 4844 et
1410 4784 1579 4886 7771117177
1597 4799 1720 4860 (linique
1748 4799 1866 4859 777171·

119 4886 148 4938 et
166 4879 211 4939 illi
222 4887 379 4943 contumax
396 4886 557 4961 invenitur,
572 4888 623 4965 qui
638 4903 702 4947 mm
713 4887 827 4947 cunctis
839 4880 975 4948 Ecclesiis
1015 4880 1099 4950 ritur,
1116 4879 1166 4939 vix
1182 4885 1289 4979 etanta
1303 4891 1426 4976 numero
1441 4891 1586 4952 quispiam
1608 4880 1756 4974 promotus
1767 4872 1804 4973 ad
1817 4889 1866 4932 or-

118 4969 282 5043 praetulisse
293 4972 486 5046 cognoscitur.
1015 4972 1115 5031 dinem
1130 4971 1193 5030 sine
1216 4975 1313 5044 pretrc·
1332 4973 1485 5065 reperatur.
1514 4966 1591 5064 Erat¹
1606 4979 1685 5063 curm
1706 4976 1866 5061 genuinus,

157 5061 194 5121 Ut
206 5068 314 5135 autem,
330 5063 446 5123 omissis
463 5064 538 5136 aliis,
563 5066 599 5126 ad
614 5065 653 5127 id.
666 5065 742 5141 quod
763 5080 843 5125 nunc
866 5065 972 5139 agitur,
1014 5062 1074 5121 imo
1091 5060 1274 5119 inordinatus
1291 5057 1372 5128 crdo,
1396 5062 1424 5113 ct
1450 5053 1632 5154 rneumbrlrs
1660 5049 1759 5151 regula
1786 5048 1867 5108 illius

120 5149 284 5223 ueniamus,
302 5166 359 5210 non
376 5149 460 5211 debet
475 5152 609 5227 ignorare
623 5162 720 5212 sancta
736 5159 828 5212 vestra
846 5152 972 5225 devotio,
1015 5152 1160 5218 Ecclesiae,
1182 5157 1215 5210 ut
1240 5148 1410 5223 quicunque
1427 5145 1463 5204 ad
1477 5142 1636 5219 quemlihet
1659 5140 1801 5212 ordinem,
1820 5138 1865 5199 vel

120 5240 189 5315 quia
202 5241 277 5301 beati
291 5242 487 5318 apostolorum
515 5244 658 5319 principes
673 5243 774 5303 Petrus
800 5250 827 5301 ot
852 5242 971 5314 Paulus,
1014 5237 1150 5298 etiamad
1168 5238 1364 5312 episcopatum
1379 5231 1603 5332 consecrandus¹
1617 5229 1773 5295 accederet,
1790 5242 1864 5301 prae·

118 5330 192 5392 sicut
221 5348 271 5408 per
299 5350 387 5395 suum
419 5334 592 5409 sanguinem
623 5335 784 5394 Romanam
814 5332 972 5392 Ecclesiam
1014 5330 1109 5390 lirum
1123 5328 1204 5404 prius
1221 5329 1330 5404 absque
1345 5325 1411 5426 ulla·
1429 5330 1623 5422 controversia
1649 5332 1790 5417 canonem
1813 5316 1865 5416 da·

118 5430 345 5493 consecrarunt;
374 5424 415 5483 ita
437 5438 505 5483 mcx
530 5423 608 5482 iuter
639 5422 703 5497 ipse
727 5421 871 5481 nascentis
902 5420 970 5481 fldei
1013 5427 1066 5478 ret.
1081 5418 1136 5478 llic
1155 5418 1241 5493 plane
1259 5422 1328 5493 quot
1349 5429 1428 5473 cuns
1445 5411 1579 5483 afflictus,
1601 5414 1672 5485 quot
1687 5422 1743 5469 srm
1759 5412 1863 5480 cogita·

9 5518 10 5569 1
118 5509 285 5571 rudimenta
304 5512 379 5571 banc
391 5512 636 5574 Mediolanensem
659 5511 817 5572 Ecclesiam
833 5527 885 5587 pcr
902 5526 971 5571 suos
1012 5506 1266 5567 uocumstimmrs
1290 5503 1434 5576 taediatus,
1458 5505 1529 5576 quot
1546 5492 1864 5572 deniquesuspiriaex

117 5599 277 5670 dpoojoopoo
303 5598 405 5659 poooooj
435 5611 504 5661 oooo
531 5602 664 5662 corioro:
689 5601 827 5661 Nooooioo
864 5600 970 5676 quippe
1012 5594 1081 5654 imis
1092 5593 1254 5654 visceribus
1268 5590 1416 5660 traxerim,
1439 5586 1562 5648 incunda
1578 5584 1665 5642 etiam
1688 5580 1789 5655 lingua
1804 5593 1863 5638 uon

111 5694 227 5764 martyr
240 5686 377 5763 insignis,
392 5686 466 5747 sicut
483 5687 639 5764 Scriptura
653 5696 803 5764 testamur,
821 5687 898 5750 Petri
919 5702 971 5747 au·
1012 5683 1231 5761 explicatlam
1244 5683 1310 5743 latae
1325 5680 1470 5757 siquidem
1499 5672 1642 5745 dioecesis,
1668 5667 1863 5791 tam'uobilis
