<?xml version="1.0" encoding="UTF-8"?>
<!DOCTYPE html PUBLIC "-//W3C//DTD XHTML 1.0 Transitional//EN"
    "http://www.w3.org/TR/xhtml1/DTD/xhtml1-transitional.dtd">
<html xmlns="http://www.w3.org/1999/xhtml" xml:lang="en" lang="en">
 <head>
  <title>
</title>
<meta http-equiv="Content-Type" content="text/html;charset=utf-8" />
  <meta name='ocr-system' content='tesseract 3.04.00' />
  <meta name='ocr-capabilities' content='ocr_page ocr_carea ocr_par ocr_line ocrx_word'/>
</head>
<body>
  <div class='ocr_page' id='page_1' title='image "./patrologiaecurs129migngoog/patrologiaecurs129migngoog_0246.png"; bbox 0 0 4017 6192; ppageno 0'>
   <div class='ocr_carea' id='block_1_1' title="bbox 35 233 1788 334">
    <p class='ocr_par' dir='ltr' id='par_1_1' title="bbox 35 233 1788 334">
     <span class='ocr_line' id='line_1_1' title="bbox 35 233 1788 334; baseline 0.022 -40"><span class='ocrx_word' id='word_1_1' title='bbox 35 233 91 294; x_wconf 73' lang='lat'><strong>⁴77</strong></span> <span class='ocrx_word' id='word_1_2' title='bbox 408 242 534 307; x_wconf 82' lang='lat' dir='ltr'><strong>OPUSG.</strong></span> <span class='ocrx_word' id='word_1_3' title='bbox 553 247 661 312; x_wconf 81' lang='lat' dir='ltr'><strong>xxlu.</strong></span> <span class='ocrx_word' id='word_1_4' title='bbox 682 283 717 302; x_wconf 77' lang='lat'><strong>-·</strong></span> <span class='ocrx_word' id='word_1_5' title='bbox 735 253 784 316; x_wconf 75' lang='lat' dir='ltr'><strong>DE</strong></span> <span class='ocrx_word' id='word_1_6' title='bbox 806 254 1021 321; x_wconf 77' lang='lat' dir='ltr'><strong>Bnnvlrlrn</strong></span> <span class='ocrx_word' id='word_1_7' title='bbox 1040 261 1141 323; x_wconf 80' lang='lat' dir='ltr'>VITAE</span> <span class='ocrx_word' id='word_1_8' title='bbox 1160 260 1215 323; x_wconf 90' lang='grc' dir='ltr'><strong>ΡΡ.</strong></span> <span class='ocrx_word' id='word_1_9' title='bbox 1236 260 1309 334; x_wconf 77' lang='lat' dir='ltr'><strong>alt..</strong></span> <span class='ocrx_word' id='word_1_10' title='bbox 1331 262 1412 325; x_wconf 71' lang='lat' dir='ltr'><strong>ltro.</strong></span> <span class='ocrx_word' id='word_1_11' title='bbox 1734 271 1788 334; x_wconf 78' lang='lat' dir='ltr'><strong>lm</strong></span> 
     </span>
    </p>
   </div>
   <div class='ocr_carea' id='block_1_2' title="bbox 5 360 1855 3759">
    <p class='ocr_par' dir='ltr' id='par_1_2' title="bbox 35 360 1788 1078">
     <span class='ocr_line' id='line_1_2' title="bbox 37 360 1788 460; baseline 0.021 -46"><span class='ocrx_word' id='word_1_12' title='bbox 37 370 97 455; x_wconf 83' lang='lat' dir='ltr'><strong>non</strong></span> <span class='ocrx_word' id='word_1_13' title='bbox 114 371 238 430; x_wconf 91' lang='lat' dir='ltr'><strong>parvum</strong></span> <span class='ocrx_word' id='word_1_14' title='bbox 252 360 412 433; x_wconf 88' lang='lat' dir='ltr'><strong>spiritualis</strong></span> <span class='ocrx_word' id='word_1_15' title='bbox 425 364 528 439; x_wconf 79' lang='lat' dir='ltr'><strong>figurae</strong></span> <span class='ocrx_word' id='word_1_16' title='bbox 544 372 716 446; x_wconf 80' lang='lat' dir='ltr'><strong>mysterium</strong></span> <span class='ocrx_word' id='word_1_17' title='bbox 731 375 924 451; x_wconf 77' lang='lat' dir='ltr'><strong>deprehen-lt</strong></span> <span class='ocrx_word' id='word_1_18' title='bbox 934 381 1112 457; x_wconf 89' lang='lat' dir='ltr'><strong>baptismatis</strong></span> <span class='ocrx_word' id='word_1_19' title='bbox 1138 399 1232 457; x_wconf 92' lang='lat' dir='ltr'><strong>usqne</strong></span> <span class='ocrx_word' id='word_1_20' title='bbox 1259 385 1294 443; x_wconf 89' lang='lat' dir='ltr'><strong>ad</strong></span> <span class='ocrx_word' id='word_1_21' title='bbox 1321 392 1396 451; x_wconf 77' lang='lat'><strong>479</strong></span> <span class='ocrx_word' id='word_1_22' title='bbox 1426 384 1540 444; x_wconf 89' lang='lat' dir='ltr'><strong>obitum</strong></span> <span class='ocrx_word' id='word_1_23' title='bbox 1555 386 1717 460; x_wconf 89' lang='lat' dir='ltr'><strong>delegatus</strong></span> <span class='ocrx_word' id='word_1_24' title='bbox 1744 401 1788 451; x_wconf 87' lang='lat' dir='ltr'><strong>est</strong></span> 
     </span>
     <span class='ocr_line' id='line_1_3' title="bbox 35 445 1787 574; baseline 0.02 -70"><span class='ocrx_word' id='word_1_25' title='bbox 35 445 127 516; x_wconf 83' lang='lat' dir='ltr'><strong>ditur,</strong></span> <span class='ocrx_word' id='word_1_26' title='bbox 138 447 162 505; x_wconf 92' lang='lat' dir='ltr'><strong>si</strong></span> <span class='ocrx_word' id='word_1_27' title='bbox 176 463 246 546; x_wconf 83' lang='lat' dir='ltr'><strong>quaa</strong></span> <span class='ocrx_word' id='word_1_28' title='bbox 258 449 296 508; x_wconf 88' lang='lat' dir='ltr'><strong>sit</strong></span> <span class='ocrx_word' id='word_1_29' title='bbox 312 451 344 510; x_wconf 92' lang='lat' dir='ltr'><strong>in</strong></span> <span class='ocrx_word' id='word_1_30' title='bbox 357 452 486 528; x_wconf 92' lang='lat' dir='ltr'><strong>bomine,</strong></span> <span class='ocrx_word' id='word_1_31' title='bbox 500 461 607 521; x_wconf 91' lang='lat' dir='ltr'><strong>minori</strong></span> <span class='ocrx_word' id='word_1_32' title='bbox 622 465 756 526; x_wconf 88' lang='lat' dir='ltr'><strong>videlicet</strong></span> <span class='ocrx_word' id='word_1_33' title='bbox 772 471 891 543; x_wconf 90' lang='lat' dir='ltr'><strong>mundo,</strong></span> <span class='ocrx_word' id='word_1_34' title='bbox 932 474 1065 546; x_wconf 87' lang='lat' dir='ltr'><strong>angelus,</strong></span> <span class='ocrx_word' id='word_1_35' title='bbox 1090 474 1142 549; x_wconf 93' lang='lat' dir='ltr'><strong>qui</strong></span> <span class='ocrx_word' id='word_1_36' title='bbox 1166 481 1195 532; x_wconf 92' lang='lat' dir='ltr'><strong>et</strong></span> <span class='ocrx_word' id='word_1_37' title='bbox 1211 474 1343 574; x_wconf 60' lang='lat' dir='ltr'><strong>giriliter</strong></span> <span class='ocrx_word' id='word_1_38' title='bbox 1367 474 1560 534; x_wconf 77' lang='lat' dir='ltr'>decertantem</span> <span class='ocrx_word' id='word_1_39' title='bbox 1585 491 1603 533; x_wconf 89' lang='lat' dir='ltr'><strong>a</strong></span> <span class='ocrx_word' id='word_1_40' title='bbox 1628 478 1787 540; x_wconf 77' lang='lat' dir='ltr'><strong>tentatione</strong></span> 
     </span>
     <span class='ocr_line' id='line_1_4' title="bbox 35 540 1787 639; baseline 0.021 -50"><span class='ocrx_word' id='word_1_41' title='bbox 35 543 211 594; x_wconf 84' lang='lat' dir='ltr'><strong>concertatio</strong></span> <span class='ocrx_word' id='word_1_42' title='bbox 233 540 437 612; x_wconf 81' lang='lat' dir='ltr'><strong>perpendatur.</strong></span> <span class='ocrx_word' id='word_1_43' title='bbox 466 544 542 616; x_wconf 83' lang='lat' dir='ltr'><strong>Quid</strong></span> <span class='ocrx_word' id='word_1_44' title='bbox 571 551 650 611; x_wconf 89' lang='lat' dir='ltr'><strong>enim</strong></span> <span class='ocrx_word' id='word_1_45' title='bbox 677 556 790 630; x_wconf 78' lang='lat' dir='ltr'><strong>sphaera</strong></span> <span class='ocrx_word' id='word_1_46' title='bbox 812 562 890 634; x_wconf 84' lang='lat' dir='ltr'><strong>coeli,</strong></span> <span class='ocrx_word' id='word_1_47' title='bbox 931 561 1081 631; x_wconf 85' lang='lat' dir='ltr'><strong>custodiat,</strong></span> <span class='ocrx_word' id='word_1_48' title='bbox 1107 569 1136 621; x_wconf 89' lang='lat' dir='ltr'><strong>et</strong></span> <span class='ocrx_word' id='word_1_49' title='bbox 1161 562 1305 622; x_wconf 81' lang='lat' dir='ltr'><strong>auxilinm</strong></span> <span class='ocrx_word' id='word_1_50' title='bbox 1328 562 1458 637; x_wconf 80' lang='lat' dir='ltr'><strong>praebere</strong></span> <span class='ocrx_word' id='word_1_51' title='bbox 1482 562 1514 622; x_wconf 92' lang='lat' dir='ltr'><strong>in</strong></span> <span class='ocrx_word' id='word_1_52' title='bbox 1543 562 1627 623; x_wconf 90' lang='lat' dir='ltr'><strong>bonis</strong></span> <span class='ocrx_word' id='word_1_53' title='bbox 1649 566 1787 639; x_wconf 87' lang='lat' dir='ltr'><strong>operibus</strong></span> 
     </span>
     <span class='ocr_line' id='line_1_5' title="bbox 35 626 1786 726; baseline 0.017 -44"><span class='ocrx_word' id='word_1_54' title='bbox 35 639 103 696; x_wconf 83' lang='lat' dir='ltr'><strong>quae</strong></span> <span class='ocrx_word' id='word_1_55' title='bbox 119 626 250 706; x_wconf 86' lang='lat' dir='ltr'><strong>planetas</strong></span> <span class='ocrx_word' id='word_1_56' title='bbox 268 628 401 704; x_wconf 91' lang='lat' dir='ltr'><strong>includit,</strong></span> <span class='ocrx_word' id='word_1_57' title='bbox 424 634 481 694; x_wconf 89' lang='lat' dir='ltr'><strong>nisi</strong></span> <span class='ocrx_word' id='word_1_58' title='bbox 508 653 612 715; x_wconf 89' lang='lat' dir='ltr'><strong>corpus</strong></span> <span class='ocrx_word' id='word_1_59' title='bbox 638 643 770 718; x_wconf 83' lang='lat' dir='ltr'><strong>designat</strong></span> <span class='ocrx_word' id='word_1_60' title='bbox 786 650 890 709; x_wconf 87' lang='lat' dir='ltr'><strong>bnma-</strong></span> <span class='ocrx_word' id='word_1_61' title='bbox 931 665 990 710; x_wconf 88' lang='lat' dir='ltr'><strong>non</strong></span> <span class='ocrx_word' id='word_1_62' title='bbox 1015 650 1142 710; x_wconf 83' lang='lat' dir='ltr'><strong>desistat.</strong></span> <span class='ocrx_word' id='word_1_63' title='bbox 1169 652 1311 711; x_wconf 88' lang='lat' dir='ltr'><strong>Daremus</strong></span> <span class='ocrx_word' id='word_1_64' title='bbox 1339 652 1483 726; x_wconf 88' lang='lat' dir='ltr'><strong>exempla,</strong></span> <span class='ocrx_word' id='word_1_65' title='bbox 1513 639 1570 710; x_wconf 67' lang='lat' dir='ltr'><strong>nisi</strong></span> <span class='ocrx_word' id='word_1_66' title='bbox 1599 668 1786 715; x_wconf 85' lang='lat' dir='ltr'><strong>cerneremus</strong></span> 
     </span>
     <span class='ocr_line' id='line_1_6' title="bbox 36 718 1786 811; baseline 0.018 -39"><span class='ocrx_word' id='word_1_67' title='bbox 36 730 119 780; x_wconf 90' lang='lat' dir='ltr'><strong>uum,</strong></span> <span class='ocrx_word' id='word_1_68' title='bbox 131 718 210 791; x_wconf 93' lang='lat' dir='ltr'><strong>quod</strong></span> <span class='ocrx_word' id='word_1_69' title='bbox 227 719 396 780; x_wconf 83' lang='lat' dir='ltr'><strong>rationalem</strong></span> <span class='ocrx_word' id='word_1_70' title='bbox 410 724 538 784; x_wconf 89' lang='lat' dir='ltr'><strong>animam</strong></span> <span class='ocrx_word' id='word_1_71' title='bbox 554 734 706 806; x_wconf 82' lang='lat' dir='ltr'><strong>contegit?</strong></span> <span class='ocrx_word' id='word_1_72' title='bbox 720 736 792 807; x_wconf 82' lang='lat' dir='ltr'><strong>Qnae</strong></span> <span class='ocrx_word' id='word_1_73' title='bbox 809 741 889 800; x_wconf 88' lang='lat' dir='ltr'><strong>vide·</strong></span> <span class='ocrx_word' id='word_1_74' title='bbox 931 729 1162 811; x_wconf 80' lang='lat' dir='ltr'><strong>frequentatione</strong></span> <span class='ocrx_word' id='word_1_75' title='bbox 1178 740 1335 799; x_wconf 87' lang='lat' dir='ltr'><strong>notissima.</strong></span> <span class='ocrx_word' id='word_1_76' title='bbox 1356 739 1413 797; x_wconf 87' lang='lat' dir='ltr'><strong>llic</strong></span> <span class='ocrx_word' id='word_1_77' title='bbox 1436 740 1607 811; x_wconf 89' lang='lat' dir='ltr'><strong>notandum,</strong></span> <span class='ocrx_word' id='word_1_78' title='bbox 1624 756 1692 800; x_wconf 85' lang='lat' dir='ltr'><strong>curn</strong></span> <span class='ocrx_word' id='word_1_79' title='bbox 1707 742 1786 803; x_wconf 85' lang='lat' dir='ltr'><strong>Deus</strong></span> 
     </span>
     <span class='ocr_line' id='line_1_7' title="bbox 37 803 1784 905; baseline 0.018 -44"><span class='ocrx_word' id='word_1_80' title='bbox 37 803 102 863; x_wconf 88' lang='lat' dir='ltr'><strong>licet</strong></span> <span class='ocrx_word' id='word_1_81' title='bbox 128 807 228 865; x_wconf 89' lang='lat' dir='ltr'><strong>anima</strong></span> <span class='ocrx_word' id='word_1_82' title='bbox 254 810 339 885; x_wconf 89' lang='lat' dir='ltr'><strong>qnasi</strong></span> <span class='ocrx_word' id='word_1_83' title='bbox 369 818 532 886; x_wconf 88' lang='lat' dir='ltr'><strong>septenario</strong></span> <span class='ocrx_word' id='word_1_84' title='bbox 561 821 741 894; x_wconf 85' lang='lat' dir='ltr'><strong>planetarum</strong></span> <span class='ocrx_word' id='word_1_85' title='bbox 768 845 889 891; x_wconf 92' lang='lat' dir='ltr'><strong>numero</strong></span> <span class='ocrx_word' id='word_1_86' title='bbox 929 827 1042 887; x_wconf 90' lang='lat' dir='ltr'><strong>bomini</strong></span> <span class='ocrx_word' id='word_1_87' title='bbox 1071 837 1179 888; x_wconf 87' lang='lat' dir='ltr'><strong>tantam</strong></span> <span class='ocrx_word' id='word_1_88' title='bbox 1205 837 1346 905; x_wconf 79' lang='lat' dir='ltr'><strong>praeroget</strong></span> <span class='ocrx_word' id='word_1_89' title='bbox 1372 832 1506 903; x_wconf 82' lang='lat' dir='ltr'><strong>gratiam,</strong></span> <span class='ocrx_word' id='word_1_90' title='bbox 1535 837 1674 905; x_wconf 85' lang='lat' dir='ltr'><strong>quantam</strong></span> <span class='ocrx_word' id='word_1_91' title='bbox 1707 833 1784 893; x_wconf 88' lang='lat' dir='ltr'><strong>Dens</strong></span> 
     </span>
     <span class='ocr_line' id='line_1_8' title="bbox 36 893 1785 1004; baseline 0.007 -39"><span class='ocrx_word' id='word_1_92' title='bbox 36 893 208 966; x_wconf 63' lang='lat' dir='ltr'><strong>fflsslissllsslt</strong></span> <span class='ocrx_word' id='word_1_93' title='bbox 228 895 301 955; x_wconf 72' lang='lat' dir='ltr'><strong>dum</strong></span> <span class='ocrx_word' id='word_1_94' title='bbox 328 898 443 964; x_wconf 71' lang='lat' dir='ltr'><strong>tolidem</strong></span> <span class='ocrx_word' id='word_1_95' title='bbox 472 912 564 967; x_wconf 81' lang='lat' dir='ltr'><strong>suasu</strong></span> <span class='ocrx_word' id='word_1_96' title='bbox 584 909 710 985; x_wconf 88' lang='lat' dir='ltr'><strong>Spiritus</strong></span> <span class='ocrx_word' id='word_1_97' title='bbox 727 915 813 976; x_wconf 90' lang='lat' dir='ltr'><strong>donis</strong></span> <span class='ocrx_word' id='word_1_98' title='bbox 831 918 888 977; x_wconf 91' lang='lat' dir='ltr'><strong>im·</strong></span> <span class='ocrx_word' id='word_1_99' title='bbox 928 914 964 973; x_wconf 91' lang='lat' dir='ltr'><strong>ab</strong></span> <span class='ocrx_word' id='word_1_100' title='bbox 979 917 1098 975; x_wconf 87' lang='lat' dir='ltr'><strong>bomine</strong></span> <span class='ocrx_word' id='word_1_101' title='bbox 1116 917 1242 1004; x_wconf 68' lang='lat' dir='ltr'><strong>patiatur</strong></span> <span class='ocrx_word' id='word_1_102' title='bbox 1255 916 1416 990; x_wconf 79' lang='lat' dir='ltr'><strong>injuriam3</strong></span> <span class='ocrx_word' id='word_1_103' title='bbox 1440 915 1557 988; x_wconf 89' lang='lat' dir='ltr'><strong>deputat</strong></span> <span class='ocrx_word' id='word_1_104' title='bbox 1570 917 1650 975; x_wconf 83' lang='lat' dir='ltr'><strong>[lens</strong></span> <span class='ocrx_word' id='word_1_105' title='bbox 1664 917 1785 979; x_wconf 87' lang='lat' dir='ltr'><strong>virtutes</strong></span> 
     </span>
     <span class='ocr_line' id='line_1_9' title="bbox 35 980 1783 1078; baseline 0.006 -22"><span class='ocrx_word' id='word_1_106' title='bbox 35 980 144 1056; x_wconf 61' lang='lat' dir='ltr'><strong>hlss&#39;fflf·</strong></span> <span class='ocrx_word' id='word_1_107' title='bbox 927 1003 1073 1077; x_wconf 84' lang='lat' dir='ltr'><strong>angelicas</strong></span> <span class='ocrx_word' id='word_1_108' title='bbox 1084 1005 1222 1065; x_wconf 83' lang='lat' dir='ltr'><strong>burnanae</strong></span> <span class='ocrx_word' id='word_1_109' title='bbox 1236 1005 1394 1076; x_wconf 77' lang='lat' dir='ltr'><strong>custodiae3</strong></span> <span class='ocrx_word' id='word_1_110' title='bbox 1412 1013 1440 1063; x_wconf 92' lang='lat' dir='ltr'><strong>et</strong></span> <span class='ocrx_word' id='word_1_111' title='bbox 1454 1004 1557 1064; x_wconf 81' lang='lat' dir='ltr'><strong>intelix</strong></span> <span class='ocrx_word' id='word_1_112' title='bbox 1572 1006 1669 1078; x_wconf 86' lang='lat' dir='ltr'><strong>bomo,</strong></span> <span class='ocrx_word' id='word_1_113' title='bbox 1684 1007 1783 1067; x_wconf 91' lang='lat' dir='ltr'><strong>relicta</strong></span> 
     </span>
    </p>

    <p class='ocr_par' dir='ltr' id='par_1_3' title="bbox 28 1069 1855 2863">
     <span class='ocr_line' id='line_1_10' title="bbox 67 1069 1781 1172; baseline 0.015 -42"><span class='ocrx_word' id='word_1_114' title='bbox 67 1069 103 1128; x_wconf 81' lang='lat' dir='ltr'><strong>Et</strong></span> <span class='ocrx_word' id='word_1_115' title='bbox 129 1074 199 1146; x_wconf 92' lang='lat' dir='ltr'><strong>quid</strong></span> <span class='ocrx_word' id='word_1_116' title='bbox 232 1085 274 1136; x_wconf 89' lang='lat' dir='ltr'><strong>est</strong></span> <span class='ocrx_word' id='word_1_117' title='bbox 300 1084 377 1154; x_wconf 91' lang='lat' dir='ltr'><strong>qnod</strong></span> <span class='ocrx_word' id='word_1_118' title='bbox 402 1086 515 1159; x_wconf 79' lang='lat' dir='ltr'><strong>sphaera</strong></span> <span class='ocrx_word' id='word_1_119' title='bbox 541 1087 648 1150; x_wconf 89' lang='lat' dir='ltr'><strong>labitur</strong></span> <span class='ocrx_word' id='word_1_120' title='bbox 673 1095 708 1154; x_wconf 90' lang='lat' dir='ltr'><strong>ad</strong></span> <span class='ocrx_word' id='word_1_121' title='bbox 740 1112 886 1172; x_wconf 87' lang='lat' dir='ltr'><strong>occasum,</strong></span> <span class='ocrx_word' id='word_1_122' title='bbox 928 1096 1074 1154; x_wconf 89' lang='lat' dir='ltr'><strong>munditia</strong></span> <span class='ocrx_word' id='word_1_123' title='bbox 1085 1102 1114 1154; x_wconf 91' lang='lat' dir='ltr'><strong>et</strong></span> <span class='ocrx_word' id='word_1_124' title='bbox 1124 1096 1248 1170; x_wconf 90' lang='lat' dir='ltr'><strong>puritate</strong></span> <span class='ocrx_word' id='word_1_125' title='bbox 1260 1095 1413 1166; x_wconf 83' lang='lat' dir='ltr'><strong>uirtutum,</strong></span> <span class='ocrx_word' id='word_1_126' title='bbox 1428 1093 1613 1170; x_wconf 90' lang='lat' dir='ltr'><strong>squaloribus</strong></span> <span class='ocrx_word' id='word_1_127' title='bbox 1625 1112 1655 1154; x_wconf 92' lang='lat' dir='ltr'><strong>se</strong></span> <span class='ocrx_word' id='word_1_128' title='bbox 1668 1097 1781 1171; x_wconf 90' lang='lat' dir='ltr'><strong>polluit,</strong></span> 
     </span>
     <span class='ocr_line' id='line_1_11' title="bbox 34 1165 1782 1260; baseline 0.016 -42"><span class='ocrx_word' id='word_1_129' title='bbox 34 1168 147 1257; x_wconf 75' lang='lat' dir='ltr'><strong>econtra</strong></span> <span class='ocrx_word' id='word_1_130' title='bbox 176 1165 300 1237; x_wconf 71' lang='lat' dir='ltr'><strong>planetas</strong></span> <span class='ocrx_word' id='word_1_131' title='bbox 326 1175 506 1235; x_wconf 90' lang='lat' dir='ltr'><strong>concorditer</strong></span> <span class='ocrx_word' id='word_1_132' title='bbox 535 1177 688 1240; x_wconf 88' lang='lat' dir='ltr'><strong>enituntur</strong></span> <span class='ocrx_word' id='word_1_133' title='bbox 714 1184 751 1241; x_wconf 90' lang='lat' dir='ltr'><strong>ad</strong></span> <span class='ocrx_word' id='word_1_134' title='bbox 778 1195 886 1260; x_wconf 89' lang='lat' dir='ltr'><strong>ortum,</strong></span> <span class='ocrx_word' id='word_1_135' title='bbox 928 1198 960 1241; x_wconf 89' lang='lat' dir='ltr'><strong>ac</strong></span> <span class='ocrx_word' id='word_1_136' title='bbox 974 1184 1109 1242; x_wconf 88' lang='lat' dir='ltr'><strong>sordibus</strong></span> <span class='ocrx_word' id='word_1_137' title='bbox 1122 1184 1269 1243; x_wconf 89' lang='lat' dir='ltr'><strong>vitiorum.</strong></span> <span class='ocrx_word' id='word_1_138' title='bbox 1285 1185 1358 1243; x_wconf 89' lang='lat' dir='ltr'><strong>Nam</strong></span> <span class='ocrx_word' id='word_1_139' title='bbox 1369 1199 1435 1243; x_wconf 84' lang='lat' dir='ltr'><strong>cunr</strong></span> <span class='ocrx_word' id='word_1_140' title='bbox 1451 1185 1482 1243; x_wconf 94' lang='lat' dir='ltr'><strong>in</strong></span> <span class='ocrx_word' id='word_1_141' title='bbox 1495 1183 1659 1243; x_wconf 85' lang='lat' dir='ltr'><strong>exhalantis</strong></span> <span class='ocrx_word' id='word_1_142' title='bbox 1676 1201 1710 1244; x_wconf 90' lang='lat' dir='ltr'><strong>ae</strong></span> <span class='ocrx_word' id='word_1_143' title='bbox 1727 1202 1782 1246; x_wconf 75' lang='lat' dir='ltr'><strong>coe</strong></span> 
     </span>
     <span class='ocr_line' id='line_1_12' title="bbox 34 1249 1781 1349; baseline 0.017 -44"><span class='ocrx_word' id='word_1_144' title='bbox 34 1249 90 1347; x_wconf 71' lang='lat' dir='ltr'><strong>nasi</strong></span> <span class='ocrx_word' id='word_1_145' title='bbox 114 1250 170 1309; x_wconf 91' lang='lat' dir='ltr'><strong>boc</strong></span> <span class='ocrx_word' id='word_1_146' title='bbox 192 1256 269 1329; x_wconf 91' lang='lat' dir='ltr'><strong>quod</strong></span> <span class='ocrx_word' id='word_1_147' title='bbox 288 1259 443 1332; x_wconf 81' lang='lat' dir='ltr'><strong>Apostolus</strong></span> <span class='ocrx_word' id='word_1_148' title='bbox 461 1265 553 1324; x_wconf 89' lang='lat' dir='ltr'><strong>dicit:</strong></span> <span class='ocrx_word' id='word_1_149' title='bbox 575 1293 589 1317; x_wconf 91' lang='lat'>«</span> <span class='ocrx_word' id='word_1_150' title='bbox 608 1270 682 1339; x_wconf 87' lang='lat' dir='ltr'><strong>Quia</strong></span> <span class='ocrx_word' id='word_1_151' title='bbox 697 1289 761 1333; x_wconf 89' lang='lat' dir='ltr'><strong>caro</strong></span> <span class='ocrx_word' id='word_1_152' title='bbox 780 1292 886 1337; x_wconf 91' lang='lat' dir='ltr'><strong>concn-</strong></span> <span class='ocrx_word' id='word_1_153' title='bbox 926 1289 1010 1348; x_wconf 70' lang='lat' dir='ltr'><strong>nossa¹</strong></span> <span class='ocrx_word' id='word_1_154' title='bbox 1027 1274 1157 1335; x_wconf 81' lang='lat' dir='ltr'><strong>luxuriae</strong></span> <span class='ocrx_word' id='word_1_155' title='bbox 1172 1275 1259 1334; x_wconf 90' lang='lat' dir='ltr'><strong>letare</strong></span> <span class='ocrx_word' id='word_1_156' title='bbox 1278 1273 1477 1349; x_wconf 83' lang='lat' dir='ltr'><strong>provolvitur;</strong></span> <span class='ocrx_word' id='word_1_157' title='bbox 1492 1290 1561 1336; x_wconf 90' lang='lat' dir='ltr'><strong>cum</strong></span> <span class='ocrx_word' id='word_1_158' title='bbox 1575 1276 1781 1335; x_wconf 74' lang='lat' dir='ltr'><strong>vermescentis</strong></span> 
     </span>
     <span class='ocr_line' id='line_1_13' title="bbox 33 1339 1782 1440; baseline 0.017 -45"><span class='ocrx_word' id='word_1_159' title='bbox 33 1339 116 1409; x_wconf 68' lang='lat' dir='ltr'><strong>pascit</strong></span> <span class='ocrx_word' id='word_1_160' title='bbox 143 1342 281 1406; x_wconf 82' lang='lat' dir='ltr'><strong>adversus</strong></span> <span class='ocrx_word' id='word_1_161' title='bbox 304 1350 449 1423; x_wconf 88' lang='lat' dir='ltr'><strong>spiritum,</strong></span> <span class='ocrx_word' id='word_1_162' title='bbox 476 1356 597 1428; x_wconf 85' lang='lat' dir='ltr'><strong>spiritus</strong></span> <span class='ocrx_word' id='word_1_163' title='bbox 622 1369 720 1421; x_wconf 90' lang='lat' dir='ltr'><strong>autem</strong></span> <span class='ocrx_word' id='word_1_164' title='bbox 747 1366 887 1429; x_wconf 90' lang='lat' dir='ltr'><strong>adversus</strong></span> <span class='ocrx_word' id='word_1_165' title='bbox 926 1364 1057 1423; x_wconf 79' lang='lat' dir='ltr'><strong>avaritiae</strong></span> <span class='ocrx_word' id='word_1_166' title='bbox 1071 1365 1206 1425; x_wconf 92' lang='lat' dir='ltr'><strong>sordibus</strong></span> <span class='ocrx_word' id='word_1_167' title='bbox 1218 1365 1404 1440; x_wconf 91' lang='lat' dir='ltr'><strong>inquinator;</strong></span> <span class='ocrx_word' id='word_1_168' title='bbox 1419 1380 1487 1423; x_wconf 90' lang='lat' dir='ltr'><strong>cnm</strong></span> <span class='ocrx_word' id='word_1_169' title='bbox 1501 1364 1627 1438; x_wconf 90' lang='lat' dir='ltr'><strong>denique</strong></span> <span class='ocrx_word' id='word_1_170' title='bbox 1640 1366 1676 1424; x_wconf 87' lang='lat' dir='ltr'><strong>ad</strong></span> <span class='ocrx_word' id='word_1_171' title='bbox 1691 1365 1782 1424; x_wconf 88' lang='lat' dir='ltr'><strong>instar</strong></span> 
     </span>
     <span class='ocr_line' id='line_1_14' title="bbox 32 1432 1780 1528; baseline 0.006 -28"><span class='ocrx_word' id='word_1_172' title='bbox 32 1432 174 1486; x_wconf 58' lang='grc' dir='ltr'><strong>ΜΘΝ</strong></span> <span class='ocrx_word' id='word_1_173' title='bbox 193 1435 295 1501; x_wconf 80' lang='lat' dir='ltr'><strong>(dotat.</strong></span> <span class='ocrx_word' id='word_1_174' title='bbox 312 1443 353 1508; x_wconf 83' lang='lat' dir='ltr'><strong>v.)</strong></span> <span class='ocrx_word' id='word_1_175' title='bbox 374 1465 385 1492; x_wconf 72' lang='grc' dir='ltr'>ι</span> <span class='ocrx_word' id='word_1_176' title='bbox 407 1442 545 1517; x_wconf 89' lang='lat' dir='ltr'><strong>Nunqnid</strong></span> <span class='ocrx_word' id='word_1_177' title='bbox 566 1461 623 1505; x_wconf 95' lang='lat' dir='ltr'><strong>non</strong></span> <span class='ocrx_word' id='word_1_178' title='bbox 642 1451 724 1524; x_wconf 86' lang='lat' dir='ltr'><strong>quasi</strong></span> <span class='ocrx_word' id='word_1_179' title='bbox 741 1454 883 1526; x_wconf 81' lang='lat' dir='ltr'><strong>sphaeram</strong></span> <span class='ocrx_word' id='word_1_180' title='bbox 925 1452 1128 1528; x_wconf 80' lang='lat' dir='ltr'><strong>AEgyptiornm</strong></span> <span class='ocrx_word' id='word_1_181' title='bbox 1152 1453 1310 1512; x_wconf 86' lang='lat' dir='ltr'><strong>fluminum</strong></span> <span class='ocrx_word' id='word_1_182' title='bbox 1333 1450 1526 1510; x_wconf 86' lang='lat' dir='ltr'><strong>homicidialis</strong></span> <span class='ocrx_word' id='word_1_183' title='bbox 1549 1451 1647 1510; x_wconf 89' lang='lat' dir='ltr'><strong>anima</strong></span> <span class='ocrx_word' id='word_1_184' title='bbox 1666 1452 1698 1511; x_wconf 92' lang='lat' dir='ltr'><strong>in</strong></span> <span class='ocrx_word' id='word_1_185' title='bbox 1719 1452 1780 1512; x_wconf 91' lang='lat' dir='ltr'><strong>odii</strong></span> 
     </span>
     <span class='ocr_line' id='line_1_15' title="bbox 32 1520 1781 1619; baseline 0.017 -47"><span class='ocrx_word' id='word_1_186' title='bbox 32 1525 128 1575; x_wconf 89' lang='lat' dir='ltr'><strong>oontra</strong></span> <span class='ocrx_word' id='word_1_187' title='bbox 146 1520 275 1593; x_wconf 87' lang='lat' dir='ltr'><strong>planetas</strong></span> <span class='ocrx_word' id='word_1_188' title='bbox 291 1542 421 1602; x_wconf 89' lang='lat' dir='ltr'><strong>pugnare</strong></span> <span class='ocrx_word' id='word_1_189' title='bbox 440 1535 635 1609; x_wconf 84' lang='lat' dir='ltr'><strong>conqueritur,</strong></span> <span class='ocrx_word' id='word_1_190' title='bbox 652 1553 719 1597; x_wconf 89' lang='lat' dir='ltr'><strong>cnm</strong></span> <span class='ocrx_word' id='word_1_191' title='bbox 736 1542 772 1600; x_wconf 90' lang='lat' dir='ltr'><strong>dn</strong></span> <span class='ocrx_word' id='word_1_192' title='bbox 790 1545 884 1604; x_wconf 89' lang='lat' dir='ltr'><strong>carnis</strong></span> <span class='ocrx_word' id='word_1_193' title='bbox 925 1546 1098 1619; x_wconf 87' lang='lat' dir='ltr'><strong>sanguinem</strong></span> <span class='ocrx_word' id='word_1_194' title='bbox 1113 1544 1237 1604; x_wconf 91' lang='lat' dir='ltr'><strong>vertitur</strong></span> <span class='ocrx_word' id='word_1_195' title='bbox 1246 1545 1347 1617; x_wconf 83' lang='lat' dir='ltr'><strong>(and.</strong></span> <span class='ocrx_word' id='word_1_196' title='bbox 1365 1545 1432 1615; x_wconf 82' lang='lat' dir='ltr'><strong>vu);</strong></span> <span class='ocrx_word' id='word_1_197' title='bbox 1450 1550 1594 1617; x_wconf 87' lang='lat' dir='ltr'><strong>postremo</strong></span> <span class='ocrx_word' id='word_1_198' title='bbox 1614 1558 1682 1602; x_wconf 89' lang='lat' dir='ltr'><strong>cum</strong></span> <span class='ocrx_word' id='word_1_199' title='bbox 1700 1543 1781 1603; x_wconf 89' lang='lat' dir='ltr'><strong>velut</strong></span> 
     </span>
     <span class='ocr_line' id='line_1_16' title="bbox 32 1609 1777 1704; baseline 0.015 -41"><span class='ocrx_word' id='word_1_200' title='bbox 32 1614 56 1664; x_wconf 88' lang='lat' dir='ltr'><strong>et</strong></span> <span class='ocrx_word' id='word_1_201' title='bbox 81 1609 193 1670; x_wconf 76' lang='lat' dir='ltr'><strong>animae</strong></span> <span class='ocrx_word' id='word_1_202' title='bbox 221 1629 284 1674; x_wconf 85' lang='lat' dir='ltr'><strong>suae</strong></span> <span class='ocrx_word' id='word_1_203' title='bbox 311 1624 506 1683; x_wconf 89' lang='lat' dir='ltr'><strong>controversia</strong></span> <span class='ocrx_word' id='word_1_204' title='bbox 539 1625 721 1702; x_wconf 86' lang='lat' dir='ltr'><strong>lamentatur,</strong></span> <span class='ocrx_word' id='word_1_205' title='bbox 755 1633 881 1694; x_wconf 89' lang='lat' dir='ltr'><strong>dicens:</strong></span> <span class='ocrx_word' id='word_1_206' title='bbox 924 1633 955 1690; x_wconf 94' lang='lat' dir='ltr'><strong>in</strong></span> <span class='ocrx_word' id='word_1_207' title='bbox 971 1631 1098 1692; x_wconf 89' lang='lat' dir='ltr'><strong>cloacam</strong></span> <span class='ocrx_word' id='word_1_208' title='bbox 1112 1639 1269 1691; x_wconf 87' lang='lat' dir='ltr'><strong>stercorum</strong></span> <span class='ocrx_word' id='word_1_209' title='bbox 1290 1644 1437 1700; x_wconf 81' lang='lat' dir='ltr'><strong>corruens,</strong></span> <span class='ocrx_word' id='word_1_210' title='bbox 1454 1629 1624 1704; x_wconf 90' lang='lat' dir='ltr'><strong>multiplicis</strong></span> <span class='ocrx_word' id='word_1_211' title='bbox 1640 1629 1777 1704; x_wconf 69' lang='lat' dir='ltr'><strong>nequitias</strong></span> 
     </span>
     <span class='ocr_line' id='line_1_17' title="bbox 33 1695 1781 1798; baseline 0.015 -45"><span class='ocrx_word' id='word_1_212' title='bbox 33 1717 45 1746; x_wconf 85' lang='grc' dir='ltr'>ι</span> <span class='ocrx_word' id='word_1_213' title='bbox 58 1695 152 1758; x_wconf 87' lang='lat' dir='ltr'><strong>Video</strong></span> <span class='ocrx_word' id='word_1_214' title='bbox 166 1699 254 1760; x_wconf 87' lang='lat' dir='ltr'><strong>aliam</strong></span> <span class='ocrx_word' id='word_1_215' title='bbox 267 1704 361 1778; x_wconf 88' lang='lat' dir='ltr'><strong>legem</strong></span> <span class='ocrx_word' id='word_1_216' title='bbox 378 1708 410 1767; x_wconf 92' lang='lat' dir='ltr'><strong>in</strong></span> <span class='ocrx_word' id='word_1_217' title='bbox 427 1712 565 1773; x_wconf 90' lang='lat' dir='ltr'><strong>membris</strong></span> <span class='ocrx_word' id='word_1_218' title='bbox 581 1718 654 1775; x_wconf 90' lang='lat' dir='ltr'><strong>meis</strong></span> <span class='ocrx_word' id='word_1_219' title='bbox 674 1705 880 1793; x_wconf 74' lang='lat' dir='ltr'><strong>repugnantem</strong></span> <span class='ocrx_word' id='word_1_220' title='bbox 889 1723 1043 1798; x_wconf 72' lang='lat' dir='ltr'><strong>Blaecibns</strong></span> <span class='ocrx_word' id='word_1_221' title='bbox 1057 1722 1189 1782; x_wconf 88' lang='lat' dir='ltr'><strong>involuta</strong></span> <span class='ocrx_word' id='word_1_222' title='bbox 1209 1721 1352 1780; x_wconf 90' lang='lat' dir='ltr'><strong>loedatur:</strong></span> <span class='ocrx_word' id='word_1_223' title='bbox 1378 1721 1456 1780; x_wconf 91' lang='lat' dir='ltr'><strong>bunc</strong></span> <span class='ocrx_word' id='word_1_224' title='bbox 1473 1720 1594 1792; x_wconf 87' lang='lat' dir='ltr'><strong>angelus</strong></span> <span class='ocrx_word' id='word_1_225' title='bbox 1609 1720 1739 1791; x_wconf 90' lang='lat' dir='ltr'><strong>letorem,</strong></span> <span class='ocrx_word' id='word_1_226' title='bbox 1752 1724 1781 1779; x_wconf 91' lang='lat' dir='ltr'><strong>et</strong></span> 
     </span>
     <span class='ocr_line' id='line_1_18' title="bbox 32 1784 1780 1886; baseline 0.015 -44"><span class='ocrx_word' id='word_1_227' title='bbox 32 1784 84 1858; x_wconf 90' lang='lat' dir='ltr'><strong>legi</strong></span> <span class='ocrx_word' id='word_1_228' title='bbox 103 1792 328 1853; x_wconf 79' lang='lat' dir='ltr'><strong>mentismeaet</strong></span> <span class='ocrx_word' id='word_1_229' title='bbox 346 1799 431 1869; x_wconf 77' lang='lat' dir='ltr'><strong>(Rern.</strong></span> <span class='ocrx_word' id='word_1_230' title='bbox 447 1803 508 1875; x_wconf 86' lang='lat' dir='ltr'><strong>vu.)</strong></span> <span class='ocrx_word' id='word_1_231' title='bbox 528 1825 539 1853; x_wconf 73' lang='lat' dir='ltr'><strong>s</strong></span> <span class='ocrx_word' id='word_1_232' title='bbox 559 1804 596 1863; x_wconf 85' lang='lat' dir='ltr'><strong>Et</strong></span> <span class='ocrx_word' id='word_1_233' title='bbox 614 1813 749 1883; x_wconf 89' lang='lat' dir='ltr'><strong>tanquam</strong></span> <span class='ocrx_word' id='word_1_234' title='bbox 769 1812 882 1886; x_wconf 84' lang='lat' dir='ltr'><strong>spiraera</strong></span> <span class='ocrx_word' id='word_1_235' title='bbox 922 1811 1107 1870; x_wconf 82' lang='lat' dir='ltr'><strong>inhonestam</strong></span> <span class='ocrx_word' id='word_1_236' title='bbox 1135 1810 1312 1885; x_wconf 80' lang='lat' dir='ltr'><strong>purulentiae</strong></span> <span class='ocrx_word' id='word_1_237' title='bbox 1338 1825 1477 1868; x_wconf 89' lang='lat' dir='ltr'><strong>nauseam</strong></span> <span class='ocrx_word' id='word_1_238' title='bbox 1509 1809 1619 1867; x_wconf 87' lang='lat' dir='ltr'><strong>invitus</strong></span> <span class='ocrx_word' id='word_1_239' title='bbox 1644 1808 1723 1879; x_wconf 90' lang='lat' dir='ltr'><strong>satis,</strong></span> <span class='ocrx_word' id='word_1_240' title='bbox 1750 1813 1780 1868; x_wconf 89' lang='lat' dir='ltr'><strong>et</strong></span> 
     </span>
     <span class='ocr_line' id='line_1_19' title="bbox 31 1880 1779 1977; baseline 0.011 -40"><span class='ocrx_word' id='word_1_241' title='bbox 31 1883 89 1971; x_wconf 73' lang='lat' dir='ltr'><strong>post</strong></span> <span class='ocrx_word' id='word_1_242' title='bbox 102 1880 276 1954; x_wconf 87' lang='lat' dir='ltr'><strong>seplanetas</strong></span> <span class='ocrx_word' id='word_1_243' title='bbox 289 1887 392 1961; x_wconf 88' lang='lat' dir='ltr'><strong>trabat,</strong></span> <span class='ocrx_word' id='word_1_244' title='bbox 409 1892 540 1963; x_wconf 89' lang='lat' dir='ltr'><strong>protinus</strong></span> <span class='ocrx_word' id='word_1_245' title='bbox 555 1895 692 1957; x_wconf 86' lang='lat' dir='ltr'><strong>addidit:</strong></span> <span class='ocrx_word' id='word_1_246' title='bbox 722 1924 735 1949; x_wconf 69' lang='lat' dir='ltr'><strong>a</strong></span> <span class='ocrx_word' id='word_1_247' title='bbox 759 1901 796 1959; x_wconf 84' lang='lat' dir='ltr'><strong>Et</strong></span> <span class='ocrx_word' id='word_1_248' title='bbox 815 1918 882 1977; x_wconf 87' lang='lat' dir='ltr'><strong>cap-</strong></span> <span class='ocrx_word' id='word_1_249' title='bbox 921 1902 1048 1975; x_wconf 89' lang='lat' dir='ltr'><strong>graviter</strong></span> <span class='ocrx_word' id='word_1_250' title='bbox 1070 1901 1182 1972; x_wconf 86' lang='lat' dir='ltr'><strong>tolerat,</strong></span> <span class='ocrx_word' id='word_1_251' title='bbox 1202 1899 1255 1958; x_wconf 90' lang='lat' dir='ltr'><strong>etsi</strong></span> <span class='ocrx_word' id='word_1_252' title='bbox 1280 1898 1405 1970; x_wconf 83' lang='lat' dir='ltr'><strong>coelestis</strong></span> <span class='ocrx_word' id='word_1_253' title='bbox 1426 1897 1541 1972; x_wconf 88' lang='lat' dir='ltr'><strong>imperii</strong></span> <span class='ocrx_word' id='word_1_254' title='bbox 1568 1896 1630 1968; x_wconf 84' lang='lat' dir='ltr'><strong>lege</strong></span> <span class='ocrx_word' id='word_1_255' title='bbox 1653 1896 1779 1957; x_wconf 91' lang='lat' dir='ltr'><strong>constri-</strong></span> 
     </span>
     <span class='ocr_line' id='line_1_20' title="bbox 33 1967 1778 2062; baseline 0.014 -42"><span class='ocrx_word' id='word_1_256' title='bbox 33 1967 119 2022; x_wconf 86' lang='lat' dir='ltr'><strong>trvnm</strong></span> <span class='ocrx_word' id='word_1_257' title='bbox 149 1982 197 2024; x_wconf 92' lang='lat' dir='ltr'><strong>me</strong></span> <span class='ocrx_word' id='word_1_258' title='bbox 222 1969 374 2034; x_wconf 89' lang='lat' dir='ltr'><strong>ducentem</strong></span> <span class='ocrx_word' id='word_1_259' title='bbox 399 1975 430 2034; x_wconf 94' lang='lat' dir='ltr'><strong>in</strong></span> <span class='ocrx_word' id='word_1_260' title='bbox 459 1977 522 2052; x_wconf 84' lang='lat' dir='ltr'><strong>lege</strong></span> <span class='ocrx_word' id='word_1_261' title='bbox 547 1984 665 2055; x_wconf 87' lang='lat' dir='ltr'><strong>peccati,</strong></span> <span class='ocrx_word' id='word_1_262' title='bbox 690 1999 757 2058; x_wconf 83' lang='lat' dir='ltr'><strong>quae</strong></span> <span class='ocrx_word' id='word_1_263' title='bbox 783 1990 881 2048; x_wconf 90' lang='lat' dir='ltr'><strong>estin</strong></span> <span class='ocrx_word' id='word_1_264' title='bbox 920 1998 993 2060; x_wconf 88' lang='lat' dir='ltr'><strong>ctus,</strong></span> <span class='ocrx_word' id='word_1_265' title='bbox 1012 1990 1207 2050; x_wconf 91' lang='lat' dir='ltr'><strong>obedientiam</strong></span> <span class='ocrx_word' id='word_1_266' title='bbox 1222 2004 1281 2050; x_wconf 92' lang='lat' dir='ltr'><strong>non</strong></span> <span class='ocrx_word' id='word_1_267' title='bbox 1299 1990 1421 2047; x_wconf 90' lang='lat' dir='ltr'><strong>omittat.</strong></span> <span class='ocrx_word' id='word_1_268' title='bbox 1437 1986 1654 2060; x_wconf 87' lang='lat' dir='ltr'><strong>lnangelorum</strong></span> <span class='ocrx_word' id='word_1_269' title='bbox 1670 1989 1778 2062; x_wconf 89' lang='lat' dir='ltr'><strong>quippe</strong></span> 
     </span>
     <span class='ocr_line' id='line_1_21' title="bbox 32 2054 1776 2154; baseline 0.013 -42"><span class='ocrx_word' id='word_1_270' title='bbox 32 2054 167 2114; x_wconf 88' lang='lat' dir='ltr'><strong>membris</strong></span> <span class='ocrx_word' id='word_1_271' title='bbox 195 2059 292 2118; x_wconf 81' lang='lat' dir='ltr'><strong>meisi</strong></span> <span class='ocrx_word' id='word_1_272' title='bbox 309 2082 324 2115; x_wconf 76' lang='lat' dir='ltr'><strong>a</strong></span> <span class='ocrx_word' id='word_1_273' title='bbox 339 2062 466 2126; x_wconf 84' lang='lat' dir='ltr'><strong>Planetae</strong></span> <span class='ocrx_word' id='word_1_274' title='bbox 486 2068 575 2142; x_wconf 88' lang='lat' dir='ltr'><strong>igitur</strong></span> <span class='ocrx_word' id='word_1_275' title='bbox 598 2080 708 2145; x_wconf 87' lang='lat' dir='ltr'><strong>septem</strong></span> <span class='ocrx_word' id='word_1_276' title='bbox 728 2075 881 2138; x_wconf 89' lang='lat' dir='ltr'><strong>enituntur</strong></span> <span class='ocrx_word' id='word_1_277' title='bbox 920 2087 1075 2154; x_wconf 85' lang='lat' dir='ltr'><strong>conspectu</strong></span> <span class='ocrx_word' id='word_1_278' title='bbox 1088 2079 1132 2138; x_wconf 93' lang='lat' dir='ltr'><strong>nil</strong></span> <span class='ocrx_word' id='word_1_279' title='bbox 1146 2078 1306 2151; x_wconf 91' lang='lat' dir='ltr'><strong>sordidum,</strong></span> <span class='ocrx_word' id='word_1_280' title='bbox 1323 2077 1365 2135; x_wconf 92' lang='lat' dir='ltr'><strong>nil</strong></span> <span class='ocrx_word' id='word_1_281' title='bbox 1382 2078 1449 2134; x_wconf 90' lang='lat' dir='ltr'><strong>letet</strong></span> <span class='ocrx_word' id='word_1_282' title='bbox 1462 2074 1630 2148; x_wconf 89' lang='lat' dir='ltr'><strong>obscenum,</strong></span> <span class='ocrx_word' id='word_1_283' title='bbox 1652 2075 1710 2134; x_wconf 89' lang='lat' dir='ltr'><strong>nisi</strong></span> <span class='ocrx_word' id='word_1_284' title='bbox 1730 2076 1776 2135; x_wconf 88' lang='lat' dir='ltr'><strong>vi·</strong></span> 
     </span>
     <span class='ocr_line' id='line_1_22' title="bbox 31 2144 1777 2243; baseline 0.013 -43"><span class='ocrx_word' id='word_1_285' title='bbox 31 2144 61 2200; x_wconf 82' lang='lat' dir='ltr'><strong>ad</strong></span> <span class='ocrx_word' id='word_1_286' title='bbox 72 2149 182 2215; x_wconf 71' lang='lat' dir='ltr'><strong>omnm,</strong></span> <span class='ocrx_word' id='word_1_287' title='bbox 198 2163 263 2208; x_wconf 90' lang='lat' dir='ltr'><strong>cnm</strong></span> <span class='ocrx_word' id='word_1_288' title='bbox 277 2153 377 2212; x_wconf 84' lang='lat' dir='ltr'><strong>anima</strong></span> <span class='ocrx_word' id='word_1_289' title='bbox 390 2156 539 2218; x_wconf 88' lang='lat' dir='ltr'><strong>rationalis</strong></span> <span class='ocrx_word' id='word_1_290' title='bbox 553 2161 694 2222; x_wconf 89' lang='lat' dir='ltr'><strong>instinctu</strong></span> <span class='ocrx_word' id='word_1_291' title='bbox 707 2168 798 2226; x_wconf 89' lang='lat' dir='ltr'><strong>sancti</strong></span> <span class='ocrx_word' id='word_1_292' title='bbox 814 2166 879 2243; x_wconf 84' lang='lat' dir='ltr'><strong>Spi-</strong></span> <span class='ocrx_word' id='word_1_293' title='bbox 921 2169 993 2228; x_wconf 90' lang='lat' dir='ltr'><strong>tium</strong></span> <span class='ocrx_word' id='word_1_294' title='bbox 1017 2175 1046 2227; x_wconf 88' lang='lat' dir='ltr'><strong>et</strong></span> <span class='ocrx_word' id='word_1_295' title='bbox 1068 2175 1226 2242; x_wconf 86' lang='lat' dir='ltr'><strong>peccatum.</strong></span> <span class='ocrx_word' id='word_1_296' title='bbox 1243 2166 1279 2225; x_wconf 84' lang='lat' dir='ltr'><strong>m</strong></span> <span class='ocrx_word' id='word_1_297' title='bbox 1294 2167 1337 2226; x_wconf 89' lang='lat' dir='ltr'><strong>sic</strong></span> <span class='ocrx_word' id='word_1_298' title='bbox 1351 2167 1440 2225; x_wconf 76' lang='lat' dir='ltr'><strong>nouri</strong></span> <span class='ocrx_word' id='word_1_299' title='bbox 1457 2171 1552 2222; x_wconf 89' lang='lat' dir='ltr'><strong>reatus</strong></span> <span class='ocrx_word' id='word_1_300' title='bbox 1566 2164 1734 2234; x_wconf 80' lang='lat' dir='ltr'><strong>exhorrent,</strong></span> <span class='ocrx_word' id='word_1_301' title='bbox 1747 2170 1777 2223; x_wconf 86' lang='lat' dir='ltr'><strong>et</strong></span> 
     </span>
     <span class='ocr_line' id='line_1_23' title="bbox 32 2231 1775 2327; baseline 0.014 -39"><span class='ocrx_word' id='word_1_302' title='bbox 32 2231 96 2289; x_wconf 90' lang='lat' dir='ltr'><strong>ritns</strong></span> <span class='ocrx_word' id='word_1_303' title='bbox 114 2234 250 2306; x_wconf 85' lang='lat' dir='ltr'><strong>incitata,</strong></span> <span class='ocrx_word' id='word_1_304' title='bbox 257 2238 352 2299; x_wconf 90' lang='lat' dir='ltr'><strong>redire</strong></span> <span class='ocrx_word' id='word_1_305' title='bbox 368 2250 488 2304; x_wconf 89' lang='lat' dir='ltr'><strong>conatur</strong></span> <span class='ocrx_word' id='word_1_306' title='bbox 501 2247 538 2306; x_wconf 89' lang='lat' dir='ltr'><strong>nd</strong></span> <span class='ocrx_word' id='word_1_307' title='bbox 556 2248 659 2323; x_wconf 86' lang='lat' dir='ltr'><strong>Deurn,</strong></span> <span class='ocrx_word' id='word_1_308' title='bbox 674 2268 763 2323; x_wconf 89' lang='lat' dir='ltr'><strong>quem</strong></span> <span class='ocrx_word' id='word_1_309' title='bbox 780 2271 879 2317; x_wconf 93' lang='lat' dir='ltr'><strong>rernm</strong></span> <span class='ocrx_word' id='word_1_310' title='bbox 919 2257 1126 2320; x_wconf 85' lang='lat' dir='ltr'><strong>abominantur</strong></span> <span class='ocrx_word' id='word_1_311' title='bbox 1148 2256 1282 2316; x_wconf 88' lang='lat' dir='ltr'><strong>illuviem</strong></span> <span class='ocrx_word' id='word_1_312' title='bbox 1300 2273 1308 2326; x_wconf 79' lang='lat'>3</span> <span class='ocrx_word' id='word_1_313' title='bbox 1330 2256 1405 2315; x_wconf 89' lang='lat' dir='ltr'><strong>sicut</strong></span> <span class='ocrx_word' id='word_1_314' title='bbox 1428 2255 1515 2312; x_wconf 91' lang='lat' dir='ltr'><strong>bomo</strong></span> <span class='ocrx_word' id='word_1_315' title='bbox 1535 2250 1718 2327; x_wconf 89' lang='lat' dir='ltr'><strong>compellitur</strong></span> <span class='ocrx_word' id='word_1_316' title='bbox 1737 2253 1775 2321; x_wconf 86' lang='lat' dir='ltr'><strong>ad</strong></span> 
     </span>
     <span class='ocr_line' id='line_1_24' title="bbox 31 2322 1774 2419; baseline 0.015 -42"><span class='ocrx_word' id='word_1_317' title='bbox 31 2322 159 2417; x_wconf 85' lang='lat' dir='ltr'><strong>omnium</strong></span> <span class='ocrx_word' id='word_1_318' title='bbox 175 2334 284 2385; x_wconf 89' lang='lat' dir='ltr'><strong>constat</strong></span> <span class='ocrx_word' id='word_1_319' title='bbox 302 2345 365 2389; x_wconf 87' lang='lat' dir='ltr'><strong>esse</strong></span> <span class='ocrx_word' id='word_1_320' title='bbox 383 2333 569 2409; x_wconf 86' lang='lat' dir='ltr'><strong>principiam.</strong></span> <span class='ocrx_word' id='word_1_321' title='bbox 589 2336 709 2413; x_wconf 83' lang='lat' dir='ltr'><strong>Sphaera</strong></span> <span class='ocrx_word' id='word_1_322' title='bbox 728 2359 794 2404; x_wconf 88' lang='lat' dir='ltr'><strong>vero</strong></span> <span class='ocrx_word' id='word_1_323' title='bbox 812 2362 878 2419; x_wconf 90' lang='lat' dir='ltr'><strong>pro·</strong></span> <span class='ocrx_word' id='word_1_324' title='bbox 918 2348 1083 2407; x_wconf 83' lang='lat' dir='ltr'><strong>exhalantis</strong></span> <span class='ocrx_word' id='word_1_325' title='bbox 1110 2347 1223 2406; x_wconf 86' lang='lat' dir='ltr'><strong>latrinae</strong></span> <span class='ocrx_word' id='word_1_326' title='bbox 1240 2362 1352 2406; x_wconf 84' lang='lat' dir='ltr'><strong>screare</strong></span> <span class='ocrx_word' id='word_1_327' title='bbox 1376 2346 1505 2405; x_wconf 80' lang='lat' dir='ltr'><strong>fetorem.</strong></span> <span class='ocrx_word' id='word_1_328' title='bbox 1534 2342 1615 2403; x_wconf 91' lang='lat' dir='ltr'><strong>Unde</strong></span> <span class='ocrx_word' id='word_1_329' title='bbox 1644 2342 1774 2417; x_wconf 90' lang='lat' dir='ltr'><strong>qnotidie</strong></span> 
     </span>
     <span class='ocr_line' id='line_1_25' title="bbox 30 2404 1772 2514; baseline 0.015 -51"><span class='ocrx_word' id='word_1_330' title='bbox 30 2404 136 2466; x_wconf 88' lang='lat' dir='ltr'><strong>labrtnr</strong></span> <span class='ocrx_word' id='word_1_331' title='bbox 145 2410 182 2468; x_wconf 89' lang='lat' dir='ltr'><strong>ad</strong></span> <span class='ocrx_word' id='word_1_332' title='bbox 195 2427 338 2486; x_wconf 88' lang='lat' dir='ltr'><strong>occasum,</strong></span> <span class='ocrx_word' id='word_1_333' title='bbox 351 2432 418 2477; x_wconf 89' lang='lat' dir='ltr'><strong>cnm</strong></span> <span class='ocrx_word' id='word_1_334' title='bbox 429 2435 506 2494; x_wconf 79' lang='lat' dir='ltr'><strong>caro,</strong></span> <span class='ocrx_word' id='word_1_335' title='bbox 518 2425 655 2498; x_wconf 78' lang='lat' dir='ltr'><strong>neglectis</strong></span> <span class='ocrx_word' id='word_1_336' title='bbox 666 2430 876 2507; x_wconf 88' lang='lat' dir='ltr'><strong>superioribus,</strong></span> <span class='ocrx_word' id='word_1_337' title='bbox 917 2445 985 2514; x_wconf 68' lang='lat' dir='ltr'><strong>ante</strong></span> <span class='ocrx_word' id='word_1_338' title='bbox 1004 2437 1130 2497; x_wconf 87' lang='lat' dir='ltr'><strong>tribunal</strong></span> <span class='ocrx_word' id='word_1_339' title='bbox 1146 2439 1248 2497; x_wconf 81' lang='lat' dir='ltr'><strong>aeterni</strong></span> <span class='ocrx_word' id='word_1_340' title='bbox 1264 2436 1279 2495; x_wconf 89' lang='lat' dir='ltr'>J</span> <span class='ocrx_word' id='word_1_341' title='bbox 1283 2434 1377 2495; x_wconf 90' lang='lat' dir='ltr'><strong>udicis</strong></span> <span class='ocrx_word' id='word_1_342' title='bbox 1389 2435 1426 2493; x_wconf 90' lang='lat' dir='ltr'><strong>de</strong></span> <span class='ocrx_word' id='word_1_343' title='bbox 1441 2433 1589 2492; x_wconf 82' lang='lat' dir='ltr'><strong>commissi</strong></span> <span class='ocrx_word' id='word_1_344' title='bbox 1605 2434 1652 2491; x_wconf 90' lang='lat' dir='ltr'><strong>sui</strong></span> <span class='ocrx_word' id='word_1_345' title='bbox 1674 2432 1772 2505; x_wconf 85' lang='lat' dir='ltr'><strong>pravi-</strong></span> 
     </span>
     <span class='ocr_line' id='line_1_26' title="bbox 29 2504 1772 2599; baseline 0.015 -44"><span class='ocrx_word' id='word_1_346' title='bbox 29 2507 163 2566; x_wconf 82' lang='lat' dir='ltr'><strong>gravatur</strong></span> <span class='ocrx_word' id='word_1_347' title='bbox 174 2504 205 2562; x_wconf 90' lang='lat' dir='ltr'><strong>in</strong></span> <span class='ocrx_word' id='word_1_348' title='bbox 219 2504 278 2564; x_wconf 90' lang='lat' dir='ltr'><strong>ima</strong></span> <span class='ocrx_word' id='word_1_349' title='bbox 293 2507 440 2569; x_wconf 88' lang='lat' dir='ltr'><strong>vitiorum.</strong></span> <span class='ocrx_word' id='word_1_350' title='bbox 456 2511 537 2572; x_wconf 92' lang='lat' dir='ltr'><strong>Unde</strong></span> <span class='ocrx_word' id='word_1_351' title='bbox 547 2516 688 2589; x_wconf 90' lang='lat' dir='ltr'><strong>scriptum</strong></span> <span class='ocrx_word' id='word_1_352' title='bbox 701 2528 765 2579; x_wconf 88' lang='lat' dir='ltr'><strong>est:</strong></span> <span class='ocrx_word' id='word_1_353' title='bbox 785 2544 796 2573; x_wconf 76' lang='grc' dir='ltr'>ι</span> <span class='ocrx_word' id='word_1_354' title='bbox 813 2522 878 2581; x_wconf 84' lang='lat' dir='ltr'><strong>Cor-</strong></span> <span class='ocrx_word' id='word_1_355' title='bbox 919 2529 974 2582; x_wconf 91' lang='lat' dir='ltr'><strong>tate</strong></span> <span class='ocrx_word' id='word_1_356' title='bbox 986 2528 1188 2598; x_wconf 83' lang='lat' dir='ltr'><strong>conqueritur;</strong></span> <span class='ocrx_word' id='word_1_357' title='bbox 1199 2531 1228 2583; x_wconf 91' lang='lat' dir='ltr'><strong>et</strong></span> <span class='ocrx_word' id='word_1_358' title='bbox 1238 2525 1434 2599; x_wconf 86' lang='lat' dir='ltr'><strong>qniagravem</strong></span> <span class='ocrx_word' id='word_1_359' title='bbox 1448 2520 1676 2595; x_wconf 80' lang='lat' dir='ltr'><strong>leratinJ&#39;uriam</strong></span> <span class='ocrx_word' id='word_1_360' title='bbox 1689 2521 1772 2581; x_wconf 90' lang='lat' dir='ltr'><strong>illius</strong></span> 
     </span>
     <span class='ocr_line' id='line_1_27' title="bbox 28 2591 1772 2684; baseline 0.014 -41"><span class='ocrx_word' id='word_1_361' title='bbox 28 2602 76 2659; x_wconf 87' lang='lat' dir='ltr'><strong>pos</strong></span> <span class='ocrx_word' id='word_1_362' title='bbox 97 2591 180 2663; x_wconf 89' lang='lat' dir='ltr'><strong>qnod</strong></span> <span class='ocrx_word' id='word_1_363' title='bbox 205 2597 399 2670; x_wconf 86' lang='lat' dir='ltr'><strong>corrumpitur</strong></span> <span class='ocrx_word' id='word_1_364' title='bbox 423 2608 560 2673; x_wconf 87' lang='lat' dir='ltr'><strong>aggravat</strong></span> <span class='ocrx_word' id='word_1_365' title='bbox 580 2604 720 2677; x_wconf 89' lang='lat' dir='ltr'><strong>animam,</strong></span> <span class='ocrx_word' id='word_1_366' title='bbox 740 2614 768 2666; x_wconf 89' lang='lat' dir='ltr'><strong>et</strong></span> <span class='ocrx_word' id='word_1_367' title='bbox 785 2609 878 2682; x_wconf 90' lang='lat' dir='ltr'><strong>depri-</strong></span> <span class='ocrx_word' id='word_1_368' title='bbox 916 2611 1040 2670; x_wconf 90' lang='lat' dir='ltr'><strong>obscena</strong></span> <span class='ocrx_word' id='word_1_369' title='bbox 1055 2613 1255 2682; x_wconf 84' lang='lat' dir='ltr'><strong>dinumerans,</strong></span> <span class='ocrx_word' id='word_1_370' title='bbox 1273 2611 1432 2684; x_wconf 87' lang='lat' dir='ltr'><strong>profitetur.</strong></span> <span class='ocrx_word' id='word_1_371' title='bbox 1453 2609 1526 2667; x_wconf 89' lang='lat' dir='ltr'><strong>Nam</strong></span> <span class='ocrx_word' id='word_1_372' title='bbox 1549 2608 1574 2666; x_wconf 90' lang='lat' dir='ltr'><strong>si</strong></span> <span class='ocrx_word' id='word_1_373' title='bbox 1597 2624 1648 2665; x_wconf 85' lang='lat' dir='ltr'><strong>rex</strong></span> <span class='ocrx_word' id='word_1_374' title='bbox 1671 2615 1772 2680; x_wconf 87' lang='lat' dir='ltr'><strong>potens</strong></span> 
     </span>
     <span class='ocr_line' id='line_1_28' title="bbox 29 2678 1855 2776; baseline 0.014 -43"><span class='ocrx_word' id='word_1_375' title='bbox 29 2678 74 2735; x_wconf 89' lang='lat' dir='ltr'><strong>nit</strong></span> <span class='ocrx_word' id='word_1_376' title='bbox 100 2687 218 2740; x_wconf 89' lang='lat' dir='ltr'><strong>terrena</strong></span> <span class='ocrx_word' id='word_1_377' title='bbox 242 2683 415 2747; x_wconf 86' lang='lat' dir='ltr'><strong>inhabitatio</strong></span> <span class='ocrx_word' id='word_1_378' title='bbox 441 2706 560 2753; x_wconf 88' lang='lat' dir='ltr'><strong>sensum</strong></span> <span class='ocrx_word' id='word_1_379' title='bbox 587 2697 679 2755; x_wconf 90' lang='lat' dir='ltr'><strong>multa</strong></span> <span class='ocrx_word' id='word_1_380' title='bbox 703 2698 876 2773; x_wconf 86' lang='lat' dir='ltr'><strong>cogitantem</strong></span> <span class='ocrx_word' id='word_1_381' title='bbox 916 2701 1036 2761; x_wconf 86' lang='lat' dir='ltr'><strong>cuilibet</strong></span> <span class='ocrx_word' id='word_1_382' title='bbox 1060 2702 1097 2761; x_wconf 90' lang='lat' dir='ltr'><strong>de</strong></span> <span class='ocrx_word' id='word_1_383' title='bbox 1124 2702 1185 2762; x_wconf 91' lang='lat' dir='ltr'><strong>suis</strong></span> <span class='ocrx_word' id='word_1_384' title='bbox 1211 2700 1391 2776; x_wconf 89' lang='lat' dir='ltr'><strong>principibus</strong></span> <span class='ocrx_word' id='word_1_385' title='bbox 1415 2698 1575 2773; x_wconf 87' lang='lat' dir='ltr'><strong>impuberis</strong></span> <span class='ocrx_word' id='word_1_386' title='bbox 1608 2697 1663 2755; x_wconf 91' lang='lat' dir='ltr'><strong>lilii</strong></span> <span class='ocrx_word' id='word_1_387' title='bbox 1698 2698 1771 2757; x_wconf 87' lang='lat' dir='ltr'><strong>velit</strong></span> <span class='ocrx_word' id='word_1_388' title='bbox 1851 2691 1855 2700; x_wconf 82' lang='lat'>&#39;</span> 
     </span>
     <span class='ocr_line' id='line_1_29' title="bbox 30 2767 1770 2863; baseline 0.003 -25"><span class='ocrx_word' id='word_1_389' title='bbox 30 2767 205 2838; x_wconf 64' lang='lat' dir='ltr'><strong>(Seli-lli*</strong></span> <span class='ocrx_word' id='word_1_390' title='bbox 805 2815 810 2824; x_wconf 86' lang='lat'><strong>·</strong></span> <span class='ocrx_word' id='word_1_391' title='bbox 916 2775 1047 2863; x_wconf 84' lang='lat' dir='ltr'><strong>delegare</strong></span> <span class='ocrx_word' id='word_1_392' title='bbox 1069 2790 1251 2850; x_wconf 87' lang='lat' dir='ltr'><strong>custodiam:</strong></span> <span class='ocrx_word' id='word_1_393' title='bbox 1271 2788 1363 2847; x_wconf 89' lang='lat' dir='ltr'><strong>etille</strong></span> <span class='ocrx_word' id='word_1_394' title='bbox 1382 2786 1565 2861; x_wconf 87' lang='lat' dir='ltr'><strong>postmodnm</strong></span> <span class='ocrx_word' id='word_1_395' title='bbox 1586 2785 1617 2844; x_wconf 91' lang='lat' dir='ltr'><strong>in</strong></span> <span class='ocrx_word' id='word_1_396' title='bbox 1644 2785 1770 2845; x_wconf 91' lang='lat' dir='ltr'><strong>lurorem</strong></span> 
     </span>
    </p>

    <p class='ocr_par' dir='ltr' id='par_1_4' title="bbox 5 2854 1777 3759">
     <span class='ocr_line' id='line_1_30' title="bbox 59 2854 1769 2950; baseline 0.011 -34"><span class='ocrx_word' id='word_1_397' title='bbox 59 2854 113 2916; x_wconf 85' lang='lat' dir='ltr'><strong>Sed</strong></span> <span class='ocrx_word' id='word_1_398' title='bbox 129 2858 195 2918; x_wconf 78' lang='lat' dir='ltr'><strong>baee</strong></span> <span class='ocrx_word' id='word_1_399' title='bbox 212 2876 265 2920; x_wconf 91' lang='lat' dir='ltr'><strong>nos</strong></span> <span class='ocrx_word' id='word_1_400' title='bbox 284 2861 397 2925; x_wconf 89' lang='lat' dir='ltr'><strong>diutius</strong></span> <span class='ocrx_word' id='word_1_401' title='bbox 416 2872 553 2945; x_wconf 85' lang='lat' dir='ltr'><strong>prosequi</strong></span> <span class='ocrx_word' id='word_1_402' title='bbox 570 2873 731 2948; x_wconf 87' lang='lat' dir='ltr'><strong>epistolaris</strong></span> <span class='ocrx_word' id='word_1_403' title='bbox 748 2878 875 2939; x_wconf 76' lang='lat' dir='ltr'><strong>brevitas</strong></span> <span class='ocrx_word' id='word_1_404' title='bbox 916 2895 1017 2940; x_wconf 84' lang='lat' dir='ltr'><strong>versus</strong></span> <span class='ocrx_word' id='word_1_405' title='bbox 1030 2881 1163 2950; x_wconf 79' lang='lat' dir='ltr'><strong>insaniae,</strong></span> <span class='ocrx_word' id='word_1_406' title='bbox 1174 2877 1275 2936; x_wconf 84' lang='lat' dir='ltr'><strong>salivis</strong></span> <span class='ocrx_word' id='word_1_407' title='bbox 1288 2893 1319 2936; x_wconf 89' lang='lat' dir='ltr'><strong>se</strong></span> <span class='ocrx_word' id='word_1_408' title='bbox 1333 2875 1502 2948; x_wconf 87' lang='lat' dir='ltr'><strong>liuentibus,</strong></span> <span class='ocrx_word' id='word_1_409' title='bbox 1518 2876 1693 2950; x_wconf 91' lang='lat' dir='ltr'><strong>nariumque</strong></span> <span class='ocrx_word' id='word_1_410' title='bbox 1708 2889 1769 2934; x_wconf 84' lang='lat' dir='ltr'><strong>nru-</strong></span> 
     </span>
     <span class='ocr_line' id='line_1_31' title="bbox 5 2948 1777 3039; baseline 0.011 -39"><span class='ocrx_word' id='word_1_411' title='bbox 5 3012 6 3017; x_wconf 59' lang='lat'><strong>.</strong></span> <span class='ocrx_word' id='word_1_412' title='bbox 30 2957 77 3002; x_wconf 94' lang='lat' dir='ltr'><strong>non</strong></span> <span class='ocrx_word' id='word_1_413' title='bbox 102 2948 254 3021; x_wconf 87' lang='lat' dir='ltr'><strong>permittit.</strong></span> <span class='ocrx_word' id='word_1_414' title='bbox 281 2950 357 3022; x_wconf 82' lang='lat' dir='ltr'><strong>Quid</strong></span> <span class='ocrx_word' id='word_1_415' title='bbox 383 2954 487 3032; x_wconf 92' lang='lat' dir='ltr'><strong>dicam,</strong></span> <span class='ocrx_word' id='word_1_416' title='bbox 517 2962 594 3034; x_wconf 92' lang='lat' dir='ltr'><strong>quod</strong></span> <span class='ocrx_word' id='word_1_417' title='bbox 623 2966 723 3025; x_wconf 87' lang='lat' dir='ltr'><strong>eadem</strong></span> <span class='ocrx_word' id='word_1_418' title='bbox 750 2969 874 3029; x_wconf 81' lang='lat' dir='ltr'><strong>scelestis</strong></span> <span class='ocrx_word' id='word_1_419' title='bbox 915 2967 1031 3027; x_wconf 83' lang='lat' dir='ltr'><strong>roribus</strong></span> <span class='ocrx_word' id='word_1_420' title='bbox 1042 2965 1162 3036; x_wconf 90' lang='lat' dir='ltr'><strong>oblinat,</strong></span> <span class='ocrx_word' id='word_1_421' title='bbox 1177 2971 1204 3024; x_wconf 91' lang='lat' dir='ltr'><strong>et</strong></span> <span class='ocrx_word' id='word_1_422' title='bbox 1220 2966 1266 3025; x_wconf 88' lang='lat' dir='ltr'><strong>vel</strong></span> <span class='ocrx_word' id='word_1_423' title='bbox 1288 2965 1318 3023; x_wconf 92' lang='lat' dir='ltr'><strong>in</strong></span> <span class='ocrx_word' id='word_1_424' title='bbox 1339 2965 1436 3039; x_wconf 81' lang='lat' dir='ltr'><strong>ignem</strong></span> <span class='ocrx_word' id='word_1_425' title='bbox 1452 2980 1483 3023; x_wconf 90' lang='lat' dir='ltr'><strong>se</strong></span> <span class='ocrx_word' id='word_1_426' title='bbox 1498 2963 1663 3038; x_wconf 87' lang='lat' dir='ltr'><strong>phrenetica</strong></span> <span class='ocrx_word' id='word_1_427' title='bbox 1678 2970 1777 3022; x_wconf 71' lang='lat' dir='ltr'><strong>teme.</strong></span> 
     </span>
     <span class='ocr_line' id='line_1_32' title="bbox 5 3035 1769 3151; baseline 0.013 -61"><span class='ocrx_word' id='word_1_428' title='bbox 5 3090 6 3129; x_wconf 19' lang='grc' dir='ltr'>ᾗ</span> <span class='ocrx_word' id='word_1_429' title='bbox 29 3035 142 3105; x_wconf 81' lang='lat' dir='ltr'><strong>spbarae</strong></span> <span class='ocrx_word' id='word_1_430' title='bbox 164 3040 299 3122; x_wconf 81' lang='lat' dir='ltr'><strong>macbins</strong></span> <span class='ocrx_word' id='word_1_431' title='bbox 319 3044 361 3102; x_wconf 89' lang='lat' dir='ltr'><strong>sic</strong></span> <span class='ocrx_word' id='word_1_432' title='bbox 376 3061 407 3104; x_wconf 88' lang='lat' dir='ltr'><strong>se</strong></span> <span class='ocrx_word' id='word_1_433' title='bbox 430 3048 462 3106; x_wconf 92' lang='lat' dir='ltr'><strong>in</strong></span> <span class='ocrx_word' id='word_1_434' title='bbox 487 3047 669 3127; x_wconf 79' lang='lat' dir='ltr'><strong>semetipsam</strong></span> <span class='ocrx_word' id='word_1_435' title='bbox 699 3065 821 3131; x_wconf 84' lang='lat' dir='ltr'><strong>semper,</strong></span> <span class='ocrx_word' id='word_1_436' title='bbox 845 3060 998 3151; x_wconf 56' lang='lat' dir='ltr'><strong>ctoritate</strong></span> <span class='ocrx_word' id='word_1_437' title='bbox 1015 3058 1156 3133; x_wconf 89' lang='lat' dir='ltr'><strong>projiciat,</strong></span> <span class='ocrx_word' id='word_1_438' title='bbox 1178 3057 1224 3117; x_wconf 90' lang='lat' dir='ltr'><strong>vel</strong></span> <span class='ocrx_word' id='word_1_439' title='bbox 1244 3065 1319 3115; x_wconf 89' lang='lat' dir='ltr'><strong>certe</strong></span> <span class='ocrx_word' id='word_1_440' title='bbox 1341 3057 1372 3115; x_wconf 91' lang='lat' dir='ltr'><strong>in</strong></span> <span class='ocrx_word' id='word_1_441' title='bbox 1387 3054 1547 3128; x_wconf 89' lang='lat' dir='ltr'><strong>squalentis</strong></span> <span class='ocrx_word' id='word_1_442' title='bbox 1560 3056 1637 3114; x_wconf 82' lang='lat' dir='ltr'><strong>corni</strong></span> <span class='ocrx_word' id='word_1_443' title='bbox 1656 3053 1769 3115; x_wconf 90' lang='lat' dir='ltr'><strong>voluta·</strong></span> 
     </span>
     <span class='ocr_line' id='line_1_33' title="bbox 5 3128 1768 3221; baseline 0.012 -38"><span class='ocrx_word' id='word_1_444' title='bbox 5 3172 6 3197; x_wconf 81' lang='lat'><strong>,</strong></span> <span class='ocrx_word' id='word_1_445' title='bbox 30 3138 78 3184; x_wconf 91' lang='lat' dir='ltr'><strong>non</strong></span> <span class='ocrx_word' id='word_1_446' title='bbox 96 3128 128 3187; x_wconf 92' lang='lat' dir='ltr'><strong>in</strong></span> <span class='ocrx_word' id='word_1_447' title='bbox 148 3131 298 3196; x_wconf 77' lang='lat' dir='ltr'><strong>exteriora</strong></span> <span class='ocrx_word' id='word_1_448' title='bbox 309 3133 453 3210; x_wconf 89' lang='lat' dir='ltr'><strong>devolvat,</strong></span> <span class='ocrx_word' id='word_1_449' title='bbox 468 3147 499 3198; x_wconf 92' lang='lat' dir='ltr'><strong>ut</strong></span> <span class='ocrx_word' id='word_1_450' title='bbox 520 3142 551 3200; x_wconf 92' lang='lat' dir='ltr'><strong>in</strong></span> <span class='ocrx_word' id='word_1_451' title='bbox 567 3145 657 3204; x_wconf 92' lang='lat' dir='ltr'><strong>nnius</strong></span> <span class='ocrx_word' id='word_1_452' title='bbox 673 3147 871 3221; x_wconf 75' lang='lat' dir='ltr'><strong>hemisphaerii</strong></span> <span class='ocrx_word' id='word_1_453' title='bbox 914 3150 999 3209; x_wconf 84' lang='lat' dir='ltr'><strong>bruni</strong></span> <span class='ocrx_word' id='word_1_454' title='bbox 1021 3148 1144 3208; x_wconf 84' lang='lat' dir='ltr'><strong>sordidae</strong></span> <span class='ocrx_word' id='word_1_455' title='bbox 1167 3148 1229 3208; x_wconf 90' lang='lat' dir='ltr'><strong>suis</strong></span> <span class='ocrx_word' id='word_1_456' title='bbox 1247 3164 1278 3208; x_wconf 90' lang='lat' dir='ltr'><strong>se</strong></span> <span class='ocrx_word' id='word_1_457' title='bbox 1298 3163 1378 3206; x_wconf 92' lang='lat' dir='ltr'><strong>more</strong></span> <span class='ocrx_word' id='word_1_458' title='bbox 1391 3145 1551 3221; x_wconf 86' lang='lat' dir='ltr'><strong>provolvat,</strong></span> <span class='ocrx_word' id='word_1_459' title='bbox 1567 3161 1664 3205; x_wconf 91' lang='lat' dir='ltr'><strong>nonne</strong></span> <span class='ocrx_word' id='word_1_460' title='bbox 1678 3144 1768 3220; x_wconf 91' lang='lat' dir='ltr'><strong>proti-</strong></span> 
     </span>
     <span class='ocr_line' id='line_1_34' title="bbox 29 3214 1770 3311; baseline 0.015 -43"><span class='ocrx_word' id='word_1_461' title='bbox 29 3214 67 3270; x_wconf 84' lang='lat' dir='ltr'><strong>sui</strong></span> <span class='ocrx_word' id='word_1_462' title='bbox 89 3217 272 3278; x_wconf 81' lang='lat' dir='ltr'><strong>revolutione</strong></span> <span class='ocrx_word' id='word_1_463' title='bbox 290 3220 378 3296; x_wconf 87' lang='lat' dir='ltr'><strong>diem,</strong></span> <span class='ocrx_word' id='word_1_464' title='bbox 403 3224 433 3285; x_wconf 94' lang='lat' dir='ltr'><strong>in</strong></span> <span class='ocrx_word' id='word_1_465' title='bbox 461 3230 640 3292; x_wconf 84' lang='lat' dir='ltr'><strong>revolutione</strong></span> <span class='ocrx_word' id='word_1_466' title='bbox 660 3250 729 3294; x_wconf 86' lang='lat' dir='ltr'><strong>vero</strong></span> <span class='ocrx_word' id='word_1_467' title='bbox 753 3237 872 3298; x_wconf 85' lang='lat' dir='ltr'><strong>alterius</strong></span> <span class='ocrx_word' id='word_1_468' title='bbox 912 3223 969 3298; x_wconf 88' lang='lat' dir='ltr'><strong>nus</strong></span> <span class='ocrx_word' id='word_1_469' title='bbox 994 3237 1044 3298; x_wconf 91' lang='lat' dir='ltr'><strong>ille</strong></span> <span class='ocrx_word' id='word_1_470' title='bbox 1074 3237 1219 3311; x_wconf 89' lang='lat' dir='ltr'><strong>deposcet,</strong></span> <span class='ocrx_word' id='word_1_471' title='bbox 1248 3244 1278 3294; x_wconf 90' lang='lat' dir='ltr'><strong>et</strong></span> <span class='ocrx_word' id='word_1_472' title='bbox 1306 3236 1507 3309; x_wconf 85' lang='lat' dir='ltr'><strong>reconsignare</strong></span> <span class='ocrx_word' id='word_1_473' title='bbox 1532 3233 1711 3307; x_wconf 89' lang='lat' dir='ltr'><strong>depositum,</strong></span> <span class='ocrx_word' id='word_1_474' title='bbox 1739 3241 1770 3294; x_wconf 84' lang='lat' dir='ltr'><strong>et</strong></span> 
     </span>
     <span class='ocr_line' id='line_1_35' title="bbox 29 3301 1767 3402; baseline 0.014 -45"><span class='ocrx_word' id='word_1_475' title='bbox 29 3301 131 3374; x_wconf 78' lang='lat' dir='ltr'><strong>expleat</strong></span> <span class='ocrx_word' id='word_1_476' title='bbox 149 3309 289 3365; x_wconf 79' lang='lat' dir='ltr'><strong>noctem?</strong></span> <span class='ocrx_word' id='word_1_477' title='bbox 309 3309 345 3368; x_wconf 86' lang='lat' dir='ltr'><strong>Et</strong></span> <span class='ocrx_word' id='word_1_478' title='bbox 369 3313 424 3371; x_wconf 85' lang='lat' dir='ltr'><strong>troc</strong></span> <span class='ocrx_word' id='word_1_479' title='bbox 446 3316 532 3376; x_wconf 92' lang='lat' dir='ltr'><strong>modo</strong></span> <span class='ocrx_word' id='word_1_480' title='bbox 551 3318 622 3378; x_wconf 84' lang='lat' dir='ltr'><strong>dnrn</strong></span> <span class='ocrx_word' id='word_1_481' title='bbox 646 3338 705 3382; x_wconf 92' lang='lat' dir='ltr'><strong>una</strong></span> <span class='ocrx_word' id='word_1_482' title='bbox 727 3326 872 3386; x_wconf 87' lang='lat' dir='ltr'><strong>revolutio</strong></span> <span class='ocrx_word' id='word_1_483' title='bbox 911 3328 1022 3402; x_wconf 90' lang='lat' dir='ltr'><strong>papatis</strong></span> <span class='ocrx_word' id='word_1_484' title='bbox 1039 3327 1163 3401; x_wconf 86' lang='lat' dir='ltr'><strong>abjicere</strong></span> <span class='ocrx_word' id='word_1_485' title='bbox 1179 3326 1349 3384; x_wconf 85' lang='lat' dir='ltr'><strong>tumulatum</strong></span> <span class='ocrx_word' id='word_1_486' title='bbox 1363 3326 1377 3380; x_wconf 79' lang='lat' dir='ltr'><strong>t</strong></span> <span class='ocrx_word' id='word_1_487' title='bbox 1390 3324 1504 3395; x_wconf 84' lang='lat' dir='ltr'><strong>Quanto</strong></span> <span class='ocrx_word' id='word_1_488' title='bbox 1517 3324 1609 3397; x_wconf 90' lang='lat' dir='ltr'><strong>magis</strong></span> <span class='ocrx_word' id='word_1_489' title='bbox 1621 3337 1690 3397; x_wconf 89' lang='lat' dir='ltr'><strong>ergo</strong></span> <span class='ocrx_word' id='word_1_490' title='bbox 1703 3339 1767 3381; x_wconf 90' lang='lat' dir='ltr'><strong>cre-</strong></span> 
     </span>
     <span class='ocr_line' id='line_1_36' title="bbox 31 3391 1767 3490; baseline 0.012 -43"><span class='ocrx_word' id='word_1_491' title='bbox 31 3391 104 3449; x_wconf 84' lang='lat' dir='ltr'><strong>totins</strong></span> <span class='ocrx_word' id='word_1_492' title='bbox 124 3394 249 3467; x_wconf 81' lang='lat' dir='ltr'><strong>sphaerae</strong></span> <span class='ocrx_word' id='word_1_493' title='bbox 271 3402 397 3462; x_wconf 89' lang='lat' dir='ltr'><strong>coetestis</strong></span> <span class='ocrx_word' id='word_1_494' title='bbox 419 3405 590 3476; x_wconf 85' lang='lat' dir='ltr'><strong>absolvitur,</strong></span> <span class='ocrx_word' id='word_1_495' title='bbox 617 3412 721 3484; x_wconf 89' lang='lat' dir='ltr'><strong>viginti</strong></span> <span class='ocrx_word' id='word_1_496' title='bbox 748 3423 872 3490; x_wconf 89' lang='lat' dir='ltr'><strong>quatuor</strong></span> <span class='ocrx_word' id='word_1_497' title='bbox 911 3416 1040 3476; x_wconf 89' lang='lat' dir='ltr'><strong>dendum</strong></span> <span class='ocrx_word' id='word_1_498' title='bbox 1067 3423 1119 3486; x_wconf 89' lang='lat' dir='ltr'><strong>est,</strong></span> <span class='ocrx_word' id='word_1_499' title='bbox 1142 3413 1220 3488; x_wconf 91' lang='lat' dir='ltr'><strong>qnod</strong></span> <span class='ocrx_word' id='word_1_500' title='bbox 1248 3411 1377 3484; x_wconf 89' lang='lat' dir='ltr'><strong>angelica</strong></span> <span class='ocrx_word' id='word_1_501' title='bbox 1399 3410 1449 3469; x_wconf 91' lang='lat' dir='ltr'><strong>illa</strong></span> <span class='ocrx_word' id='word_1_502' title='bbox 1471 3411 1637 3470; x_wconf 87' lang='lat' dir='ltr'><strong>sublimitas</strong></span> <span class='ocrx_word' id='word_1_503' title='bbox 1659 3418 1686 3468; x_wconf 89' lang='lat' dir='ltr'><strong>et</strong></span> <span class='ocrx_word' id='word_1_504' title='bbox 1711 3409 1767 3468; x_wconf 89' lang='lat' dir='ltr'><strong>lar·</strong></span> 
     </span>
     <span class='ocr_line' id='line_1_37' title="bbox 30 3481 1764 3580; baseline 0.011 -40"><span class='ocrx_word' id='word_1_505' title='bbox 30 3481 155 3543; x_wconf 77' lang='lat' dir='ltr'><strong>bacarum</strong></span> <span class='ocrx_word' id='word_1_506' title='bbox 181 3503 322 3550; x_wconf 87' lang='lat' dir='ltr'><strong>numerus</strong></span> <span class='ocrx_word' id='word_1_507' title='bbox 344 3493 491 3569; x_wconf 90' lang='lat' dir='ltr'><strong>impletur,</strong></span> <span class='ocrx_word' id='word_1_508' title='bbox 514 3500 622 3572; x_wconf 86' lang='lat' dir='ltr'><strong>quibus</strong></span> <span class='ocrx_word' id='word_1_509' title='bbox 646 3504 778 3565; x_wconf 86' lang='lat' dir='ltr'><strong>videlicet</strong></span> <span class='ocrx_word' id='word_1_510' title='bbox 793 3523 872 3568; x_wconf 89' lang='lat' dir='ltr'><strong>unns</strong></span> <span class='ocrx_word' id='word_1_511' title='bbox 910 3507 1033 3580; x_wconf 89' lang='lat' dir='ltr'><strong>gitorem</strong></span> <span class='ocrx_word' id='word_1_512' title='bbox 1065 3505 1210 3565; x_wconf 92' lang='lat' dir='ltr'><strong>bonorum</strong></span> <span class='ocrx_word' id='word_1_513' title='bbox 1248 3502 1380 3563; x_wconf 88' lang='lat' dir='ltr'><strong>omnium</strong></span> <span class='ocrx_word' id='word_1_514' title='bbox 1411 3502 1504 3561; x_wconf 90' lang='lat' dir='ltr'><strong>Deum</strong></span> <span class='ocrx_word' id='word_1_515' title='bbox 1519 3513 1523 3521; x_wconf 87' lang='lat'>·</span> <span class='ocrx_word' id='word_1_516' title='bbox 1539 3501 1574 3559; x_wconf 90' lang='lat' dir='ltr'><strong>de</strong></span> <span class='ocrx_word' id='word_1_517' title='bbox 1609 3499 1764 3574; x_wconf 87' lang='lat' dir='ltr'><strong>conspicua</strong></span> 
     </span>
     <span class='ocr_line' id='line_1_38' title="bbox 29 3569 1763 3672; baseline 0.011 -43"><span class='ocrx_word' id='word_1_518' title='bbox 29 3569 80 3628; x_wconf 86' lang='lat' dir='ltr'><strong>dies</strong></span> <span class='ocrx_word' id='word_1_519' title='bbox 106 3588 175 3672; x_wconf 72' lang='lat' dir='ltr'><strong>cunr</strong></span> <span class='ocrx_word' id='word_1_520' title='bbox 202 3592 254 3636; x_wconf 90' lang='lat' dir='ltr'><strong>sua</strong></span> <span class='ocrx_word' id='word_1_521' title='bbox 279 3587 362 3639; x_wconf 89' lang='lat' dir='ltr'><strong>nocte</strong></span> <span class='ocrx_word' id='word_1_522' title='bbox 385 3585 546 3658; x_wconf 77' lang='lat' dir='ltr'><strong>perficitur.</strong></span> <span class='ocrx_word' id='word_1_523' title='bbox 573 3589 635 3649; x_wconf 84' lang='lat' dir='ltr'><strong>lioc</strong></span> <span class='ocrx_word' id='word_1_524' title='bbox 663 3591 761 3667; x_wconf 87' lang='lat' dir='ltr'><strong>itaque</strong></span> <span class='ocrx_word' id='word_1_525' title='bbox 786 3599 870 3657; x_wconf 91' lang='lat' dir='ltr'><strong>modo</strong></span> <span class='ocrx_word' id='word_1_526' title='bbox 910 3601 1077 3654; x_wconf 86' lang='lat' dir='ltr'><strong>sanctornm</strong></span> <span class='ocrx_word' id='word_1_527' title='bbox 1101 3593 1318 3653; x_wconf 87' lang='lat' dir='ltr'><strong>conversatione</strong></span> <span class='ocrx_word' id='word_1_528' title='bbox 1338 3590 1490 3667; x_wconf 84' lang='lat' dir='ltr'><strong>glorificat,</strong></span> <span class='ocrx_word' id='word_1_529' title='bbox 1510 3598 1538 3651; x_wconf 91' lang='lat' dir='ltr'><strong>et</strong></span> <span class='ocrx_word' id='word_1_530' title='bbox 1558 3590 1589 3666; x_wconf 84' lang='lat' dir='ltr'><strong>in</strong></span> <span class='ocrx_word' id='word_1_531' title='bbox 1615 3593 1678 3665; x_wconf 81' lang='lat' dir='ltr'><strong>ejus</strong></span> <span class='ocrx_word' id='word_1_532' title='bbox 1693 3606 1763 3648; x_wconf 89' lang='lat' dir='ltr'><strong>con·</strong></span> 
     </span>
     <span class='ocr_line' id='line_1_39' title="bbox 29 3657 1764 3759; baseline 0.013 -41"><span class='ocrx_word' id='word_1_533' title='bbox 29 3657 208 3740; x_wconf 27' lang='lat' dir='ltr'><strong>dnmlcoelnm</strong></span> <span class='ocrx_word' id='word_1_534' title='bbox 224 3667 331 3726; x_wconf 90' lang='lat' dir='ltr'><strong>militat</strong></span> <span class='ocrx_word' id='word_1_535' title='bbox 343 3671 467 3746; x_wconf 90' lang='lat' dir='ltr'><strong>bomini,</strong></span> <span class='ocrx_word' id='word_1_536' title='bbox 482 3682 512 3735; x_wconf 89' lang='lat' dir='ltr'><strong>et</strong></span> <span class='ocrx_word' id='word_1_537' title='bbox 530 3678 592 3737; x_wconf 89' lang='lat' dir='ltr'><strong>dies</strong></span> <span class='ocrx_word' id='word_1_538' title='bbox 606 3680 675 3738; x_wconf 91' lang='lat' dir='ltr'><strong>solis</strong></span> <span class='ocrx_word' id='word_1_539' title='bbox 694 3682 783 3742; x_wconf 87' lang='lat' dir='ltr'><strong>radiis</strong></span> <span class='ocrx_word' id='word_1_540' title='bbox 796 3685 869 3744; x_wconf 90' lang='lat' dir='ltr'><strong>illu·</strong></span> <span class='ocrx_word' id='word_1_541' title='bbox 910 3691 1008 3758; x_wconf 90' lang='lat' dir='ltr'><strong>spectu</strong></span> <span class='ocrx_word' id='word_1_542' title='bbox 1043 3699 1245 3759; x_wconf 81' lang='lat' dir='ltr'><strong>perversorum</strong></span> <span class='ocrx_word' id='word_1_543' title='bbox 1280 3682 1436 3744; x_wconf 91' lang='lat' dir='ltr'><strong>bominum</strong></span> <span class='ocrx_word' id='word_1_544' title='bbox 1473 3682 1582 3742; x_wconf 89' lang='lat' dir='ltr'><strong>seelera</strong></span> <span class='ocrx_word' id='word_1_545' title='bbox 1617 3680 1764 3740; x_wconf 87' lang='lat' dir='ltr'><strong>subtiliter</strong></span> 
     </span>
    </p>
   </div>
   <div class='ocr_carea' id='block_1_3' title="bbox 29 3757 1867 3845">
    <p class='ocr_par' dir='ltr' id='par_1_5' title="bbox 29 3757 1867 3845">
     <span class='ocr_line' id='line_1_40' title="bbox 29 3757 1867 3845; baseline 0.013 -38"><span class='ocrx_word' id='word_1_546' title='bbox 29 3759 131 3824; x_wconf 84' lang='lat' dir='ltr'><strong>strator,</strong></span> <span class='ocrx_word' id='word_1_547' title='bbox 146 3763 175 3811; x_wconf 90' lang='lat' dir='ltr'><strong>et</strong></span> <span class='ocrx_word' id='word_1_548' title='bbox 188 3770 249 3814; x_wconf 81' lang='lat' dir='ltr'><strong>nor</strong></span> <span class='ocrx_word' id='word_1_549' title='bbox 263 3757 353 3833; x_wconf 80' lang='lat' dir='ltr'><strong>lunae,</strong></span> <span class='ocrx_word' id='word_1_550' title='bbox 368 3764 576 3840; x_wconf 89' lang='lat' dir='ltr'><strong>stellarumque</strong></span> <span class='ocrx_word' id='word_1_551' title='bbox 592 3772 757 3831; x_wconf 87' lang='lat' dir='ltr'><strong>nutantium</strong></span> <span class='ocrx_word' id='word_1_552' title='bbox 774 3775 867 3834; x_wconf 90' lang='lat' dir='ltr'><strong>varie·</strong></span> <span class='ocrx_word' id='word_1_553' title='bbox 909 3773 1107 3833; x_wconf 90' lang='lat' dir='ltr'><strong>enumerando</strong></span> <span class='ocrx_word' id='word_1_554' title='bbox 1128 3773 1326 3831; x_wconf 77' lang='lat' dir='ltr'><strong>condemnati</strong></span> <span class='ocrx_word' id='word_1_555' title='bbox 1349 3772 1414 3832; x_wconf 87' lang='lat' dir='ltr'><strong>llnc</strong></span> <span class='ocrx_word' id='word_1_556' title='bbox 1432 3761 1550 3841; x_wconf 86' lang='lat' dir='ltr'><strong>accedit,</strong></span> <span class='ocrx_word' id='word_1_557' title='bbox 1572 3770 1696 3845; x_wconf 81' lang='lat' dir='ltr'><strong>quia-in</strong></span> <span class='ocrx_word' id='word_1_558' title='bbox 1716 3769 1764 3828; x_wconf 93' lang='lat' dir='ltr'><strong>die</strong></span> <span class='ocrx_word' id='word_1_559' title='bbox 1858 3799 1867 3824; x_wconf 62' lang='lat' dir='ltr'><strong>v</strong></span> 
     </span>
    </p>
   </div>
   <div class='ocr_carea' id='block_1_4' title="bbox 20 3840 1782 5717">
    <p class='ocr_par' dir='ltr' id='par_1_6' title="bbox 20 3840 1782 5717">
     <span class='ocr_line' id='line_1_41' title="bbox 29 3840 1763 3937; baseline 0.013 -44"><span class='ocrx_word' id='word_1_560' title='bbox 29 3841 73 3894; x_wconf 76' lang='lat' dir='ltr'><strong>nte</strong></span> <span class='ocrx_word' id='word_1_561' title='bbox 87 3840 265 3915; x_wconf 88' lang='lat' dir='ltr'><strong>depingitur.</strong></span> <span class='ocrx_word' id='word_1_562' title='bbox 284 3846 340 3906; x_wconf 88' lang='lat' dir='ltr'><strong>Sed</strong></span> <span class='ocrx_word' id='word_1_563' title='bbox 360 3849 422 3910; x_wconf 83' lang='lat' dir='ltr'><strong>baec</strong></span> <span class='ocrx_word' id='word_1_564' title='bbox 436 3854 507 3924; x_wconf 90' lang='lat' dir='ltr'><strong>quia</strong></span> <span class='ocrx_word' id='word_1_565' title='bbox 520 3859 706 3930; x_wconf 91' lang='lat' dir='ltr'><strong>corporaliter</strong></span> <span class='ocrx_word' id='word_1_566' title='bbox 717 3863 866 3936; x_wconf 88' lang='lat' dir='ltr'><strong>aspicinn-</strong></span> <span class='ocrx_word' id='word_1_567' title='bbox 905 3862 1011 3937; x_wconf 85' lang='lat' dir='ltr'><strong>judicii</strong></span> <span class='ocrx_word' id='word_1_568' title='bbox 1024 3879 1125 3922; x_wconf 90' lang='lat' dir='ltr'><strong>eorum</strong></span> <span class='ocrx_word' id='word_1_569' title='bbox 1140 3868 1209 3921; x_wconf 88' lang='lat' dir='ltr'><strong>sunt</strong></span> <span class='ocrx_word' id='word_1_570' title='bbox 1221 3861 1360 3936; x_wconf 75' lang='lat' dir='ltr'><strong>nequitiae</strong></span> <span class='ocrx_word' id='word_1_571' title='bbox 1372 3868 1466 3933; x_wconf 87' lang='lat' dir='ltr'><strong>testes,</strong></span> <span class='ocrx_word' id='word_1_572' title='bbox 1479 3861 1570 3935; x_wconf 91' lang='lat' dir='ltr'><strong>quisi</strong></span> <span class='ocrx_word' id='word_1_573' title='bbox 1583 3866 1658 3918; x_wconf 90' lang='lat' dir='ltr'><strong>recte</strong></span> <span class='ocrx_word' id='word_1_574' title='bbox 1674 3858 1763 3917; x_wconf 85' lang='lat' dir='ltr'><strong>vixis·</strong></span> 
     </span>
     <span class='ocr_line' id='line_1_42' title="bbox 28 3932 1761 4023; baseline 0.013 -39"><span class='ocrx_word' id='word_1_575' title='bbox 28 3933 73 3997; x_wconf 87' lang='lat' dir='ltr'><strong>tor,</strong></span> <span class='ocrx_word' id='word_1_576' title='bbox 87 3932 260 4006; x_wconf 89' lang='lat' dir='ltr'><strong>omittimus,</strong></span> <span class='ocrx_word' id='word_1_577' title='bbox 273 3938 310 3996; x_wconf 90' lang='lat' dir='ltr'><strong>ad</strong></span> <span class='ocrx_word' id='word_1_578' title='bbox 329 3943 438 4016; x_wconf 78' lang='lat' dir='ltr'><strong>majora</strong></span> <span class='ocrx_word' id='word_1_579' title='bbox 453 3959 533 4004; x_wconf 91' lang='lat' dir='ltr'><strong>nunc</strong></span> <span class='ocrx_word' id='word_1_580' title='bbox 545 3953 573 4005; x_wconf 92' lang='lat' dir='ltr'><strong>et</strong></span> <span class='ocrx_word' id='word_1_581' title='bbox 590 3946 751 4009; x_wconf 90' lang='lat' dir='ltr'><strong>invisibilia</strong></span> <span class='ocrx_word' id='word_1_582' title='bbox 766 3954 865 4013; x_wconf 86' lang='lat' dir='ltr'><strong>venia·</strong></span> <span class='ocrx_word' id='word_1_583' title='bbox 907 3959 981 4022; x_wconf 87' lang='lat' dir='ltr'><strong>sent,</strong></span> <span class='ocrx_word' id='word_1_584' title='bbox 1009 3967 1111 4011; x_wconf 89' lang='lat' dir='ltr'><strong>eorum</strong></span> <span class='ocrx_word' id='word_1_585' title='bbox 1138 3952 1239 4011; x_wconf 82' lang='lat' dir='ltr'><strong>tierent</strong></span> <span class='ocrx_word' id='word_1_586' title='bbox 1262 3951 1436 4010; x_wconf 80' lang='lat' dir='ltr'><strong>defensores.</strong></span> <span class='ocrx_word' id='word_1_587' title='bbox 1465 3950 1527 4009; x_wconf 88' lang='lat' dir='ltr'><strong>Hoc</strong></span> <span class='ocrx_word' id='word_1_588' title='bbox 1550 3948 1649 4023; x_wconf 91' lang='lat' dir='ltr'><strong>itaque</strong></span> <span class='ocrx_word' id='word_1_589' title='bbox 1675 3946 1761 4006; x_wconf 89' lang='lat' dir='ltr'><strong>modo</strong></span> 
     </span>
     <span class='ocr_line' id='line_1_43' title="bbox 28 4027 1760 4115; baseline 0.013 -44"><span class='ocrx_word' id='word_1_590' title='bbox 28 4027 90 4074; x_wconf 90' lang='lat' dir='ltr'><strong>nus.</strong></span> <span class='ocrx_word' id='word_1_591' title='bbox 906 4041 982 4100; x_wconf 91' lang='lat' dir='ltr'><strong>male</strong></span> <span class='ocrx_word' id='word_1_592' title='bbox 994 4041 1147 4115; x_wconf 88' lang='lat' dir='ltr'><strong>agentibus</strong></span> <span class='ocrx_word' id='word_1_593' title='bbox 1164 4041 1287 4099; x_wconf 89' lang='lat' dir='ltr'><strong>vertitur</strong></span> <span class='ocrx_word' id='word_1_594' title='bbox 1301 4039 1333 4097; x_wconf 92' lang='lat' dir='ltr'><strong>in</strong></span> <span class='ocrx_word' id='word_1_595' title='bbox 1347 4038 1514 4114; x_wconf 86' lang='lat' dir='ltr'><strong>perniciem,</strong></span> <span class='ocrx_word' id='word_1_596' title='bbox 1529 4037 1605 4112; x_wconf 91' lang='lat' dir='ltr'><strong>quod</strong></span> <span class='ocrx_word' id='word_1_597' title='bbox 1623 4043 1698 4095; x_wconf 88' lang='lat' dir='ltr'><strong>recte</strong></span> <span class='ocrx_word' id='word_1_598' title='bbox 1713 4035 1760 4094; x_wconf 89' lang='lat' dir='ltr'><strong>vi·</strong></span> 
     </span>
     <span class='ocr_line' id='line_1_44' title="bbox 344 4123 1757 4224; baseline 0.005 -49"><span class='ocrx_word' id='word_1_599' title='bbox 344 4150 466 4214; x_wconf 67' lang='lat' dir='ltr'>CAPUT</span> <span class='ocrx_word' id='word_1_600' title='bbox 481 4154 531 4216; x_wconf 39' lang='lat' dir='ltr'><strong>IV·</strong></span> <span class='ocrx_word' id='word_1_601' title='bbox 904 4130 1041 4191; x_wconf 81' lang='lat' dir='ltr'><strong>ventibus</strong></span> <span class='ocrx_word' id='word_1_602' title='bbox 1050 4129 1200 4205; x_wconf 89' lang='lat' dir='ltr'><strong>provisum</strong></span> <span class='ocrx_word' id='word_1_603' title='bbox 1215 4134 1257 4188; x_wconf 90' lang='lat' dir='ltr'><strong>est</strong></span> <span class='ocrx_word' id='word_1_604' title='bbox 1269 4128 1305 4187; x_wconf 90' lang='lat' dir='ltr'><strong>ad</strong></span> <span class='ocrx_word' id='word_1_605' title='bbox 1318 4125 1534 4202; x_wconf 76' lang='lat' dir='ltr'><strong>salutem3qnia</strong></span> <span class='ocrx_word' id='word_1_606' title='bbox 1547 4124 1638 4184; x_wconf 92' lang='lat' dir='ltr'><strong>sancti</strong></span> <span class='ocrx_word' id='word_1_607' title='bbox 1650 4123 1757 4224; x_wconf 80' lang='lat' dir='ltr'><strong>angeli,</strong></span> 
     </span>
     <span class='ocr_line' id='line_1_45' title="bbox 26 4255 863 4338; baseline 0.018 -7"><span class='ocrx_word' id='word_1_608' title='bbox 26 4258 89 4325; x_wconf 71' lang='lat' dir='ltr'><strong>u</strong></span> <span class='ocrx_word' id='word_1_609' title='bbox 218 4283 269 4338; x_wconf 64' lang='lat' dir='ltr'><strong>a</strong></span> <span class='ocrx_word' id='word_1_610' title='bbox 730 4255 863 4336; x_wconf 63' lang='lat' dir='ltr'><strong>t...-</strong></span> 
     </span>
     <span class='ocr_line' id='line_1_46' title="bbox 318 4358 1782 4471; baseline 0.012 -35"><span class='ocrx_word' id='word_1_611' title='bbox 318 4358 386 4414; x_wconf 62' lang='lat' dir='ltr'><strong>lium</strong></span> <span class='ocrx_word' id='word_1_612' title='bbox 404 4361 552 4421; x_wconf 50' lang='lat' dir='ltr'><strong>hminum·</strong></span> <span class='ocrx_word' id='word_1_613' title='bbox 903 4396 955 4471; x_wconf 90' lang='lat' dir='ltr'><strong>qui</strong></span> <span class='ocrx_word' id='word_1_614' title='bbox 967 4379 1049 4471; x_wconf 67' lang='lat' dir='ltr'><strong>juste&#39;</strong></span> <span class='ocrx_word' id='word_1_615' title='bbox 1062 4399 1163 4457; x_wconf 84' lang='lat' dir='ltr'><strong>vivunt</strong></span> <span class='ocrx_word' id='word_1_616' title='bbox 1176 4416 1183 4468; x_wconf 91' lang='lat'>;</span> <span class='ocrx_word' id='word_1_617' title='bbox 1196 4397 1265 4471; x_wconf 89' lang='lat' dir='ltr'><strong>qnia</strong></span> <span class='ocrx_word' id='word_1_618' title='bbox 1274 4397 1344 4456; x_wconf 90' lang='lat' dir='ltr'><strong>dum</strong></span> <span class='ocrx_word' id='word_1_619' title='bbox 1358 4396 1495 4471; x_wconf 89' lang='lat' dir='ltr'><strong>malignis</strong></span> <span class='ocrx_word' id='word_1_620' title='bbox 1505 4395 1655 4470; x_wconf 91' lang='lat' dir='ltr'><strong>spiritibus</strong></span> <span class='ocrx_word' id='word_1_621' title='bbox 1669 4394 1757 4454; x_wconf 83' lang='lat' dir='ltr'><strong>inloe-</strong></span> <span class='ocrx_word' id='word_1_622' title='bbox 1776 4453 1782 4462; x_wconf 79' lang='grc'>,</span> 
     </span>
     <span class='ocr_line' id='line_1_47' title="bbox 50 4470 1757 4560; baseline 0.012 -41"><span class='ocrx_word' id='word_1_623' title='bbox 50 4470 478 4552; x_wconf 67' lang='lat' dir='ltr'><strong>Pomauoemqujdjpjflamm</strong></span> <span class='ocrx_word' id='word_1_624' title='bbox 489 4484 704 4560; x_wconf 62' lang='lat' dir='ltr'><strong>scripturarum</strong></span> <span class='ocrx_word' id='word_1_625' title='bbox 715 4491 861 4551; x_wconf 58' lang='lat' dir='ltr'><strong>vacaretis</strong></span> <span class='ocrx_word' id='word_1_626' title='bbox 902 4484 1068 4544; x_wconf 84' lang='lat' dir='ltr'><strong>derabiliter</strong></span> <span class='ocrx_word' id='word_1_627' title='bbox 1086 4485 1281 4556; x_wconf 89' lang='lat' dir='ltr'><strong>obluctantur,</strong></span> <span class='ocrx_word' id='word_1_628' title='bbox 1294 4485 1432 4559; x_wconf 80' lang='lat' dir='ltr'><strong>arigelicae</strong></span> <span class='ocrx_word' id='word_1_629' title='bbox 1451 4484 1628 4544; x_wconf 82' lang='lat' dir='ltr'><strong>fortitudinis</strong></span> <span class='ocrx_word' id='word_1_630' title='bbox 1644 4481 1757 4542; x_wconf 76' lang='lat' dir='ltr'><strong>auxilio</strong></span> 
     </span>
     <span class='ocr_line' id='line_1_48' title="bbox 23 4559 1755 4646; baseline 0.005 -29"><span class='ocrx_word' id='word_1_631' title='bbox 23 4559 95 4630; x_wconf 89' lang='lat' dir='ltr'><strong>quiis,</strong></span> <span class='ocrx_word' id='word_1_632' title='bbox 109 4578 170 4621; x_wconf 94' lang='lat' dir='ltr'><strong>non</strong></span> <span class='ocrx_word' id='word_1_633' title='bbox 180 4565 301 4638; x_wconf 87' lang='lat' dir='ltr'><strong>ignorat,</strong></span> <span class='ocrx_word' id='word_1_634' title='bbox 313 4571 383 4643; x_wconf 89' lang='lat' dir='ltr'><strong>qnia</strong></span> <span class='ocrx_word' id='word_1_635' title='bbox 395 4587 444 4646; x_wconf 89' lang='lat' dir='ltr'><strong>per</strong></span> <span class='ocrx_word' id='word_1_636' title='bbox 456 4574 534 4632; x_wconf 89' lang='lat' dir='ltr'><strong>bunc</strong></span> <span class='ocrx_word' id='word_1_637' title='bbox 545 4577 860 4639; x_wconf 76' lang='lat' dir='ltr'><strong>mnnttunrcoetesrium</strong></span> <span class='ocrx_word' id='word_1_638' title='bbox 901 4572 1087 4632; x_wconf 91' lang='lat' dir='ltr'><strong>muniuntur.</strong></span> <span class='ocrx_word' id='word_1_639' title='bbox 1106 4571 1187 4630; x_wconf 84' lang='lat' dir='ltr'><strong>Adde</strong></span> <span class='ocrx_word' id='word_1_640' title='bbox 1202 4572 1299 4645; x_wconf 88' lang='lat' dir='ltr'><strong>etiam,</strong></span> <span class='ocrx_word' id='word_1_641' title='bbox 1314 4573 1390 4646; x_wconf 91' lang='lat' dir='ltr'><strong>qnod</strong></span> <span class='ocrx_word' id='word_1_642' title='bbox 1409 4579 1437 4629; x_wconf 90' lang='lat' dir='ltr'><strong>et</strong></span> <span class='ocrx_word' id='word_1_643' title='bbox 1455 4572 1511 4646; x_wconf 90' lang='lat' dir='ltr'><strong>ipsi</strong></span> <span class='ocrx_word' id='word_1_644' title='bbox 1526 4573 1647 4645; x_wconf 89' lang='lat' dir='ltr'><strong>spiritus</strong></span> <span class='ocrx_word' id='word_1_645' title='bbox 1660 4570 1755 4644; x_wconf 89' lang='lat' dir='ltr'><strong>iniqui</strong></span> 
     </span>
     <span class='ocr_line' id='line_1_49' title="bbox 24 4645 1754 4739; baseline 0.023 -37"><span class='ocrx_word' id='word_1_646' title='bbox 24 4645 150 4709; x_wconf 81' lang='lat' dir='ltr'><strong>rutulum</strong></span> <span class='ocrx_word' id='word_1_647' title='bbox 175 4654 306 4726; x_wconf 88' lang='lat' dir='ltr'><strong>quotidie</strong></span> <span class='ocrx_word' id='word_1_648' title='bbox 332 4658 488 4719; x_wconf 90' lang='lat' dir='ltr'><strong>multitudo</strong></span> <span class='ocrx_word' id='word_1_649' title='bbox 513 4661 658 4734; x_wconf 89' lang='lat' dir='ltr'><strong>discurrit,</strong></span> <span class='ocrx_word' id='word_1_650' title='bbox 684 4679 751 4739; x_wconf 80' lang='lat' dir='ltr'><strong>quae</strong></span> <span class='ocrx_word' id='word_1_651' title='bbox 777 4666 860 4726; x_wconf 90' lang='lat' dir='ltr'><strong>nobis</strong></span> <span class='ocrx_word' id='word_1_652' title='bbox 900 4662 1046 4733; x_wconf 62' lang='lat' dir='ltr'><strong>vfflsffsslus</strong></span> <span class='ocrx_word' id='word_1_653' title='bbox 1073 4661 1164 4719; x_wconf 67' lang='lat' dir='ltr'><strong>1¹⁰Slli</strong></span> <span class='ocrx_word' id='word_1_654' title='bbox 1186 4668 1255 4720; x_wconf 61' lang='lat' dir='ltr'>⁸¹11st</span> <span class='ocrx_word' id='word_1_655' title='bbox 1280 4659 1420 4733; x_wconf 66' lang='lat' dir='ltr'><strong>ObselUiO</strong></span> <span class='ocrx_word' id='word_1_656' title='bbox 1440 4659 1578 4734; x_wconf 83' lang='lat' dir='ltr'><strong>deputati.</strong></span> <span class='ocrx_word' id='word_1_657' title='bbox 1596 4660 1668 4717; x_wconf 67' lang='lat' dir='ltr'><strong>Nflffl</strong></span> <span class='ocrx_word' id='word_1_658' title='bbox 1683 4658 1754 4716; x_wconf 71' lang='lat'>‘¹⁰⁰¹</span> 
     </span>
     <span class='ocr_line' id='line_1_50' title="bbox 24 4738 1754 4831; baseline 0.014 -38"><span class='ocrx_word' id='word_1_659' title='bbox 24 4738 111 4798; x_wconf 82' lang='lat' dir='ltr'><strong>anxilii</strong></span> <span class='ocrx_word' id='word_1_660' title='bbox 129 4758 235 4801; x_wconf 85' lang='lat' dir='ltr'><strong>manus</strong></span> <span class='ocrx_word' id='word_1_661' title='bbox 251 4744 281 4802; x_wconf 91' lang='lat' dir='ltr'><strong>in</strong></span> <span class='ocrx_word' id='word_1_662' title='bbox 298 4749 456 4810; x_wconf 88' lang='lat' dir='ltr'><strong>certamine</strong></span> <span class='ocrx_word' id='word_1_663' title='bbox 474 4753 604 4826; x_wconf 84' lang='lat' dir='ltr'><strong>porrigit.</strong></span> <span class='ocrx_word' id='word_1_664' title='bbox 625 4754 666 4813; x_wconf 87' lang='lat' dir='ltr'><strong>lle</strong></span> <span class='ocrx_word' id='word_1_665' title='bbox 681 4755 790 4831; x_wconf 88' lang='lat' dir='ltr'><strong>quibus</strong></span> <span class='ocrx_word' id='word_1_666' title='bbox 810 4773 859 4830; x_wconf 90' lang='lat' dir='ltr'><strong>per</strong></span> <span class='ocrx_word' id='word_1_667' title='bbox 900 4752 1101 4823; x_wconf 64' lang='lat' dir='ltr'><strong>tentamuret</strong></span> <span class='ocrx_word' id='word_1_668' title='bbox 1116 4763 1173 4806; x_wconf 77' lang='lat' dir='ltr'><strong>⁰⁰ss</strong></span> <span class='ocrx_word' id='word_1_669' title='bbox 1189 4749 1408 4806; x_wconf 62' lang='lat' dir='ltr'><strong>succumbimus</strong></span> <span class='ocrx_word' id='word_1_670' title='bbox 1423 4764 1430 4816; x_wconf 75' lang='lat' dir='ltr'><strong>i</strong></span> <span class='ocrx_word' id='word_1_671' title='bbox 1447 4746 1517 4805; x_wconf 73' lang='lat' dir='ltr'><strong>‘lum</strong></span> <span class='ocrx_word' id='word_1_672' title='bbox 1532 4745 1709 4818; x_wconf 53' lang='lat' dir='ltr'><strong>impedimur,</strong></span> <span class='ocrx_word' id='word_1_673' title='bbox 1725 4750 1754 4803; x_wconf 72' lang='grc' dir='ltr'><strong>θῐ</strong></span> 
     </span>
     <span class='ocr_line' id='line_1_51' title="bbox 24 4817 1752 4918; baseline 0.024 -40"><span class='ocrx_word' id='word_1_674' title='bbox 24 4817 159 4886; x_wconf 80' lang='lat' dir='ltr'><strong>danielem</strong></span> <span class='ocrx_word' id='word_1_675' title='bbox 173 4829 300 4890; x_wconf 87' lang='lat' dir='ltr'><strong>dicitur:</strong></span> <span class='ocrx_word' id='word_1_676' title='bbox 318 4854 333 4888; x_wconf 79' lang='lat' dir='ltr'><strong>e</strong></span> <span class='ocrx_word' id='word_1_677' title='bbox 349 4834 442 4895; x_wconf 86' lang='lat' dir='ltr'><strong>Millia</strong></span> <span class='ocrx_word' id='word_1_678' title='bbox 457 4837 582 4898; x_wconf 88' lang='lat' dir='ltr'><strong>millium</strong></span> <span class='ocrx_word' id='word_1_679' title='bbox 603 4843 805 4902; x_wconf 90' lang='lat' dir='ltr'><strong>ministrabant</strong></span> <span class='ocrx_word' id='word_1_680' title='bbox 820 4846 857 4918; x_wconf 90' lang='lat' dir='ltr'><strong>ei,</strong></span> <span class='ocrx_word' id='word_1_681' title='bbox 898 4836 1090 4912; x_wconf 84' lang='lat' dir='ltr'><strong>praevalemns</strong></span> <span class='ocrx_word' id='word_1_682' title='bbox 1105 4835 1205 4904; x_wconf 58' lang='lat' dir='ltr'><strong>idum</strong></span> <span class='ocrx_word' id='word_1_683' title='bbox 1220 4842 1367 4909; x_wconf 87' lang='lat' dir='ltr'><strong>oppugnat</strong></span> <span class='ocrx_word' id='word_1_684' title='bbox 1384 4841 1459 4892; x_wconf 58' lang='lat' dir='ltr'><strong>⁰⁰?oe</strong></span> <span class='ocrx_word' id='word_1_685' title='bbox 1484 4832 1630 4892; x_wconf 61' lang='lat' dir='ltr'><strong>Vi⁰¹⁹m¹¹⁸</strong></span> <span class='ocrx_word' id='word_1_686' title='bbox 1653 4832 1752 4904; x_wconf 43' lang='grc' dir='ltr'><strong>Μὴν</strong></span> 
     </span>
     <span class='ocr_line' id='line_1_52' title="bbox 24 4913 1753 5003; baseline 0.011 -39"><span class='ocrx_word' id='word_1_687' title='bbox 24 4913 153 4973; x_wconf 74' lang='lat' dir='ltr'><strong>enarres</strong></span> <span class='ocrx_word' id='word_1_688' title='bbox 175 4923 297 4976; x_wconf 78' lang='lat' dir='ltr'><strong>centena</strong></span> <span class='ocrx_word' id='word_1_689' title='bbox 316 4922 410 4984; x_wconf 74' lang='lat' dir='ltr'><strong>milita</strong></span> <span class='ocrx_word' id='word_1_690' title='bbox 432 4926 604 4986; x_wconf 71' lang='lat' dir='ltr'><strong>assistebam</strong></span> <span class='ocrx_word' id='word_1_691' title='bbox 618 4928 645 4987; x_wconf 72' lang='lat' dir='ltr'><strong>ei</strong></span> <span class='ocrx_word' id='word_1_692' title='bbox 662 4934 742 4992; x_wconf 68' lang='lat' dir='ltr'><strong>(nan,</strong></span> <span class='ocrx_word' id='word_1_693' title='bbox 765 4935 855 5003; x_wconf 66' lang='lat' dir='ltr'><strong>erp..</strong></span> <span class='ocrx_word' id='word_1_694' title='bbox 898 4937 926 4986; x_wconf 86' lang='lat' dir='ltr'><strong>et</strong></span> <span class='ocrx_word' id='word_1_695' title='bbox 942 4942 1001 4986; x_wconf 94' lang='lat' dir='ltr'><strong>non</strong></span> <span class='ocrx_word' id='word_1_696' title='bbox 1025 4933 1184 5001; x_wconf 79' lang='lat' dir='ltr'><strong>expugnat,</strong></span> <span class='ocrx_word' id='word_1_697' title='bbox 1200 4926 1305 4985; x_wconf 75' lang='lat' dir='ltr'><strong>laturas</strong></span> <span class='ocrx_word' id='word_1_698' title='bbox 1320 4924 1405 4984; x_wconf 92' lang='lat' dir='ltr'><strong>nobis</strong></span> <span class='ocrx_word' id='word_1_699' title='bbox 1423 4923 1621 4984; x_wconf 87' lang='lat' dir='ltr'><strong>retributionis</strong></span> <span class='ocrx_word' id='word_1_700' title='bbox 1638 4924 1753 4999; x_wconf 94' lang='lat' dir='ltr'><strong>pondus</strong></span> 
     </span>
     <span class='ocr_line' id='line_1_53' title="bbox 24 4997 1751 5094; baseline 0.011 -42"><span class='ocrx_word' id='word_1_701' title='bbox 24 4997 121 5060; x_wconf 80' lang='lat' dir='ltr'><strong>tuboe</strong></span> <span class='ocrx_word' id='word_1_702' title='bbox 132 5004 215 5062; x_wconf 84' lang='lat' dir='ltr'><strong>enim</strong></span> <span class='ocrx_word' id='word_1_703' title='bbox 232 5005 293 5066; x_wconf 86' lang='lat' dir='ltr'><strong>Deo</strong></span> <span class='ocrx_word' id='word_1_704' title='bbox 310 5009 494 5083; x_wconf 84' lang='lat' dir='ltr'><strong>ministrant,</strong></span> <span class='ocrx_word' id='word_1_705' title='bbox 509 5022 609 5074; x_wconf 91' lang='lat' dir='ltr'><strong>utnos</strong></span> <span class='ocrx_word' id='word_1_706' title='bbox 631 5017 667 5076; x_wconf 91' lang='lat' dir='ltr'><strong>ab</strong></span> <span class='ocrx_word' id='word_1_707' title='bbox 688 5018 858 5094; x_wconf 88' lang='lat' dir='ltr'><strong>iniquorum</strong></span> <span class='ocrx_word' id='word_1_708' title='bbox 899 5016 1063 5076; x_wconf 89' lang='lat' dir='ltr'><strong>accumulat</strong></span> <span class='ocrx_word' id='word_1_709' title='bbox 1090 5039 1097 5074; x_wconf 75' lang='grc' dir='ltr'><strong><em>ι</em></strong></span> <span class='ocrx_word' id='word_1_710' title='bbox 1129 5023 1158 5073; x_wconf 85' lang='lat' dir='ltr'><strong>et</strong></span> <span class='ocrx_word' id='word_1_711' title='bbox 1170 5015 1257 5076; x_wconf 80' lang='lat' dir='ltr'><strong>dnm</strong></span> <span class='ocrx_word' id='word_1_712' title='bbox 1283 5015 1411 5075; x_wconf 89' lang='lat' dir='ltr'><strong>laborem</strong></span> <span class='ocrx_word' id='word_1_713' title='bbox 1438 5013 1605 5074; x_wconf 85' lang='lat' dir='ltr'><strong>certaminis</strong></span> <span class='ocrx_word' id='word_1_714' title='bbox 1634 5015 1751 5088; x_wconf 89' lang='lat' dir='ltr'><strong>irrogat,</strong></span> 
     </span>
     <span class='ocr_line' id='line_1_54' title="bbox 23 5087 1521 5176; baseline 0.013 -33"><span class='ocrx_word' id='word_1_715' title='bbox 23 5087 162 5154; x_wconf 81' lang='lat' dir='ltr'><strong>spirituum</strong></span> <span class='ocrx_word' id='word_1_716' title='bbox 186 5093 456 5169; x_wconf 89' lang='lat' dir='ltr'><strong>impugnationibus</strong></span> <span class='ocrx_word' id='word_1_717' title='bbox 475 5111 635 5176; x_wconf 88' lang='lat' dir='ltr'><strong>protegant.</strong></span> <span class='ocrx_word' id='word_1_718' title='bbox 654 5104 735 5165; x_wconf 83' lang='lat' dir='ltr'><strong>Unde</strong></span> <span class='ocrx_word' id='word_1_719' title='bbox 747 5115 775 5166; x_wconf 86' lang='lat' dir='ltr'><strong>et</strong></span> <span class='ocrx_word' id='word_1_720' title='bbox 788 5108 861 5170; x_wconf 83' lang='lat' dir='ltr'><strong>Pau·</strong></span> <span class='ocrx_word' id='word_1_721' title='bbox 899 5104 1028 5165; x_wconf 68' lang='lat' dir='ltr'><strong>victoriae</strong></span> <span class='ocrx_word' id='word_1_722' title='bbox 1042 5103 1126 5165; x_wconf 88' lang='lat' dir='ltr'><strong>nobis</strong></span> <span class='ocrx_word' id='word_1_723' title='bbox 1140 5107 1292 5163; x_wconf 87' lang='lat' dir='ltr'><strong>materiam</strong></span> <span class='ocrx_word' id='word_1_724' title='bbox 1310 5103 1521 5163; x_wconf 88' lang='lat' dir='ltr'><strong>subministrat.</strong></span> 
     </span>
     <span class='ocr_line' id='line_1_55' title="bbox 22 5173 1258 5268; baseline 0.031 -38"><span class='ocrx_word' id='word_1_725' title='bbox 22 5173 57 5233; x_wconf 89' lang='lat' dir='ltr'><strong>lus</strong></span> <span class='ocrx_word' id='word_1_726' title='bbox 68 5179 122 5238; x_wconf 88' lang='lat' dir='ltr'><strong>ait:</strong></span> <span class='ocrx_word' id='word_1_727' title='bbox 144 5182 250 5252; x_wconf 78' lang='lat' dir='ltr'><strong>«Sunt</strong></span> <span class='ocrx_word' id='word_1_728' title='bbox 266 5186 506 5253; x_wconf 90' lang='lat' dir='ltr'><strong>administratorii</strong></span> <span class='ocrx_word' id='word_1_729' title='bbox 530 5196 650 5268; x_wconf 90' lang='lat' dir='ltr'><strong>spiritus</strong></span> <span class='ocrx_word' id='word_1_730' title='bbox 674 5197 704 5256; x_wconf 91' lang='lat' dir='ltr'><strong>in</strong></span> <span class='ocrx_word' id='word_1_731' title='bbox 726 5199 858 5259; x_wconf 89' lang='lat' dir='ltr'><strong>ministe·</strong></span> <span class='ocrx_word' id='word_1_732' title='bbox 1137 5233 1147 5244; x_wconf 93' lang='lat'><strong>·</strong></span> <span class='ocrx_word' id='word_1_733' title='bbox 1185 5199 1198 5211; x_wconf 83' lang='grc'><strong><em>’</em></strong></span> <span class='ocrx_word' id='word_1_734' title='bbox 1250 5247 1258 5268; x_wconf 61' lang='lat' dir='ltr'><strong>t</strong></span> 
     </span>
     <span class='ocr_line' id='line_1_56' title="bbox 22 5245 1553 5368; baseline 0.033 -48"><span class='ocrx_word' id='word_1_735' title='bbox 22 5263 84 5360; x_wconf 81' lang='lat' dir='ltr'><strong>n&#39;nm</strong></span> <span class='ocrx_word' id='word_1_736' title='bbox 96 5271 178 5330; x_wconf 88' lang='lat' dir='ltr'><strong>missi</strong></span> <span class='ocrx_word' id='word_1_737' title='bbox 194 5285 307 5347; x_wconf 87' lang='lat' dir='ltr'><strong>propter</strong></span> <span class='ocrx_word' id='word_1_738' title='bbox 320 5294 378 5350; x_wconf 90' lang='lat' dir='ltr'><strong>eos,</strong></span> <span class='ocrx_word' id='word_1_739' title='bbox 395 5282 447 5355; x_wconf 90' lang='lat' dir='ltr'><strong>qui</strong></span> <span class='ocrx_word' id='word_1_740' title='bbox 469 5284 665 5345; x_wconf 82' lang='lat' dir='ltr'><strong>haereditatem</strong></span> <span class='ocrx_word' id='word_1_741' title='bbox 682 5291 858 5362; x_wconf 87' lang='lat' dir='ltr'><strong>capiuntsa-</strong></span> <span class='ocrx_word' id='word_1_742' title='bbox 1128 5355 1134 5368; x_wconf 83' lang='grc'><em>,</em></span> <span class='ocrx_word' id='word_1_743' title='bbox 1238 5245 1361 5307; x_wconf 47' lang='grc' dir='ltr'><strong>(ΛΡΜ</strong></span> <span class='ocrx_word' id='word_1_744' title='bbox 1377 5246 1412 5306; x_wconf 74' lang='lat' dir='ltr'><strong>V&#39;</strong></span> <span class='ocrx_word' id='word_1_745' title='bbox 1472 5356 1478 5368; x_wconf 93' lang='lat'><strong>.</strong></span> <span class='ocrx_word' id='word_1_746' title='bbox 1547 5355 1553 5368; x_wconf 94' lang='lat'><strong>.</strong></span> 
     </span>
     <span class='ocr_line' id='line_1_57' title="bbox 22 5347 1676 5447; baseline 0.029 -38"><span class='ocrx_word' id='word_1_747' title='bbox 22 5347 74 5410; x_wconf 82' lang='lat' dir='ltr'><strong>lutis</strong></span> <span class='ocrx_word' id='word_1_748' title='bbox 92 5359 183 5426; x_wconf 62' lang='lat' dir='ltr'><strong>(bobr.</strong></span> <span class='ocrx_word' id='word_1_749' title='bbox 198 5363 228 5431; x_wconf 87' lang='lat' dir='ltr'><strong>r).</strong></span> <span class='ocrx_word' id='word_1_750' title='bbox 250 5363 378 5439; x_wconf 81' lang='lat' dir='ltr'><strong>·lteqne</strong></span> <span class='ocrx_word' id='word_1_751' title='bbox 398 5371 479 5429; x_wconf 84' lang='lat' dir='ltr'><strong>eninr</strong></span> <span class='ocrx_word' id='word_1_752' title='bbox 504 5374 639 5433; x_wconf 73' lang='lat' dir='ltr'><strong>versutias</strong></span> <span class='ocrx_word' id='word_1_753' title='bbox 665 5383 722 5433; x_wconf 87' lang='lat' dir='ltr'><strong>tam</strong></span> <span class='ocrx_word' id='word_1_754' title='bbox 746 5377 854 5447; x_wconf 90' lang='lat' dir='ltr'><strong>callidi,</strong></span> <span class='ocrx_word' id='word_1_755' title='bbox 968 5353 1152 5421; x_wconf 52' lang='lat' dir='ltr'><strong>mmm</strong></span> <span class='ocrx_word' id='word_1_756' title='bbox 1166 5355 1269 5411; x_wconf 49' lang='lat' dir='ltr'><em>&#39;mmm‘</em></span> <span class='ocrx_word' id='word_1_757' title='bbox 1287 5359 1418 5418; x_wconf 51' lang='lat' dir='ltr'><strong>mm</strong></span> <span class='ocrx_word' id='word_1_758' title='bbox 1440 5358 1523 5410; x_wconf 60' lang='lat' dir='ltr'><strong>emm</strong></span> <span class='ocrx_word' id='word_1_759' title='bbox 1540 5355 1676 5422; x_wconf 49' lang='grc' dir='ltr'><strong>ΝΜ·</strong></span> 
     </span>
     <span class='ocr_line' id='line_1_58' title="bbox 21 5443 1749 5540; baseline 0.015 -41"><span class='ocrx_word' id='word_1_760' title='bbox 21 5443 65 5532; x_wconf 58' lang='lat' dir='ltr'><strong>em</strong></span> <span class='ocrx_word' id='word_1_761' title='bbox 87 5446 236 5506; x_wconf 77' lang='lat' dir='ltr'><strong>exercitati</strong></span> <span class='ocrx_word' id='word_1_762' title='bbox 264 5449 356 5510; x_wconf 88' lang='lat' dir='ltr'><strong>bostis</strong></span> <span class='ocrx_word' id='word_1_763' title='bbox 377 5467 472 5527; x_wconf 90' lang='lat' dir='ltr'><strong>posset</strong></span> <span class='ocrx_word' id='word_1_764' title='bbox 499 5460 638 5533; x_wconf 79' lang='lat' dir='ltr'><strong>fragilitas</strong></span> <span class='ocrx_word' id='word_1_765' title='bbox 659 5463 788 5522; x_wconf 90' lang='lat' dir='ltr'><strong>bumana</strong></span> <span class='ocrx_word' id='word_1_766' title='bbox 808 5481 853 5522; x_wconf 90' lang='lat' dir='ltr'><strong>re·</strong></span> <span class='ocrx_word' id='word_1_767' title='bbox 930 5465 1002 5524; x_wconf 86' lang='lat' dir='ltr'><strong>Eece</strong></span> <span class='ocrx_word' id='word_1_768' title='bbox 1026 5465 1098 5524; x_wconf 90' lang='lat' dir='ltr'><strong>dum</strong></span> <span class='ocrx_word' id='word_1_769' title='bbox 1123 5465 1227 5538; x_wconf 89' lang='lat' dir='ltr'><strong>raptim</strong></span> <span class='ocrx_word' id='word_1_770' title='bbox 1249 5465 1439 5538; x_wconf 89' lang='lat' dir='ltr'><strong>celeriterque</strong></span> <span class='ocrx_word' id='word_1_771' title='bbox 1461 5472 1566 5522; x_wconf 89' lang='lat' dir='ltr'><strong>cuncta</strong></span> <span class='ocrx_word' id='word_1_772' title='bbox 1581 5464 1749 5540; x_wconf 89' lang='lat' dir='ltr'><strong>perstringi·</strong></span> 
     </span>
     <span class='ocr_line' id='line_1_59' title="bbox 21 5535 1749 5628; baseline 0.016 -40"><span class='ocrx_word' id='word_1_773' title='bbox 21 5535 110 5628; x_wconf 73' lang='lat' dir='ltr'><strong>tulere,</strong></span> <span class='ocrx_word' id='word_1_774' title='bbox 138 5536 197 5594; x_wconf 90' lang='lat' dir='ltr'><strong>nisi</strong></span> <span class='ocrx_word' id='word_1_775' title='bbox 222 5552 271 5597; x_wconf 91' lang='lat' dir='ltr'><strong>eos</strong></span> <span class='ocrx_word' id='word_1_776' title='bbox 298 5555 316 5598; x_wconf 89' lang='lat' dir='ltr'><strong>a</strong></span> <span class='ocrx_word' id='word_1_777' title='bbox 342 5545 551 5607; x_wconf 89' lang='lat' dir='ltr'><strong>tentationibus</strong></span> <span class='ocrx_word' id='word_1_778' title='bbox 577 5551 733 5611; x_wconf 86' lang='lat' dir='ltr'><strong>electorum</strong></span> <span class='ocrx_word' id='word_1_779' title='bbox 761 5552 854 5611; x_wconf 88' lang='lat' dir='ltr'><strong>virtus</strong></span> <span class='ocrx_word' id='word_1_780' title='bbox 894 5570 972 5626; x_wconf 89' lang='lat' dir='ltr'><strong>mus,</strong></span> <span class='ocrx_word' id='word_1_781' title='bbox 990 5554 1092 5613; x_wconf 90' lang='lat' dir='ltr'><strong>usibus</strong></span> <span class='ocrx_word' id='word_1_782' title='bbox 1112 5547 1265 5613; x_wconf 84' lang='lat' dir='ltr'><strong>bominum</strong></span> <span class='ocrx_word' id='word_1_783' title='bbox 1290 5553 1454 5612; x_wconf 90' lang='lat' dir='ltr'><strong>ministrare</strong></span> <span class='ocrx_word' id='word_1_784' title='bbox 1474 5548 1548 5608; x_wconf 83' lang='grc'><strong>480</strong></span> <span class='ocrx_word' id='word_1_785' title='bbox 1569 5554 1749 5613; x_wconf 87' lang='lat' dir='ltr'><strong>concorditer</strong></span> 
     </span>
     <span class='ocr_line' id='line_1_60' title="bbox 20 5618 1747 5717; baseline 0.028 -43"><span class='ocrx_word' id='word_1_786' title='bbox 20 5618 129 5690; x_wconf 77' lang='lat' dir='ltr'><strong>tngelrm</strong></span> <span class='ocrx_word' id='word_1_787' title='bbox 141 5627 332 5701; x_wconf 84' lang='lat' dir='ltr'><strong>propulsaret</strong></span> <span class='ocrx_word' id='word_1_788' title='bbox 349 5630 431 5694; x_wconf 88' lang='lat' dir='ltr'><strong>Unde</strong></span> <span class='ocrx_word' id='word_1_789' title='bbox 444 5635 606 5713; x_wconf 89' lang='lat' dir='ltr'><strong>unicuiqae</strong></span> <span class='ocrx_word' id='word_1_790' title='bbox 619 5647 752 5703; x_wconf 90' lang='lat' dir='ltr'><strong>nostrum</strong></span> <span class='ocrx_word' id='word_1_791' title='bbox 770 5656 787 5700; x_wconf 93' lang='lat' dir='ltr'><strong>a</strong></span> <span class='ocrx_word' id='word_1_792' title='bbox 806 5641 854 5702; x_wconf 92' lang='lat' dir='ltr'><strong>die</strong></span> <span class='ocrx_word' id='word_1_793' title='bbox 893 5641 992 5701; x_wconf 89' lang='lat' dir='ltr'><strong>omnia</strong></span> <span class='ocrx_word' id='word_1_794' title='bbox 1015 5641 1188 5717; x_wconf 89' lang='lat' dir='ltr'><strong>reperimus,</strong></span> <span class='ocrx_word' id='word_1_795' title='bbox 1206 5640 1314 5701; x_wconf 86' lang='lat' dir='ltr'><strong>coelum</strong></span> <span class='ocrx_word' id='word_1_796' title='bbox 1335 5640 1452 5712; x_wconf 73' lang='lat' dir='ltr'><strong>scilicet,</strong></span> <span class='ocrx_word' id='word_1_797' title='bbox 1469 5647 1573 5700; x_wconf 63' lang='lat' dir='ltr'><strong>letiam</strong></span> <span class='ocrx_word' id='word_1_798' title='bbox 1594 5640 1702 5717; x_wconf 60' lang='lat' dir='ltr'><strong>1³³²?iter</strong></span> <span class='ocrx_word' id='word_1_799' title='bbox 1718 5652 1747 5701; x_wconf 66' lang='lat'><strong>0²</strong></span> 
     </span>
    </p>
   </div>
   <div class='ocr_carea' id='block_1_5' title="bbox 0 0 2014 6192">
    <p class='ocr_par' dir='ltr' id='par_1_7' title="bbox 0 0 2014 6192">
     <span class='ocr_line' id='line_1_61' title="bbox 0 0 2014 6192; baseline 0 5"><span class='ocrx_word' id='word_1_800' title='bbox 0 0 2014 6192; x_wconf 95' lang='lat' dir='ltr'><strong> </strong></span> 
     </span>
    </p>
   </div>
  </div>
 </body>
</html>
