4017 6192
186 191 238 248 989
278 142 281 149 ⁴
770 192 774 197 ’
811 209 814 212 ·
906 182 1099 245 vnetdutts.
1764 190 1817 249 990

186 324 240 362 ιιοιι
266 305 423 360 vitarentur
446 303 612 371 sat'slacere,
639 304 691 360 alia
708 319 802 360 rursus
822 303 974 360 testimonia
989 309 1013 367 Α
1026 316 1088 357 rere
1100 299 1176 366 velit,
1188 299 1283 356 eodem
1296 298 1386 356 valeat
1396 299 1491 355 ordine
1502 299 1609 371 singula
1622 301 1753 371 reperire,
1763 320 1818 373 qno

185 395 388 452 deducebantur
400 394 428 449 in
440 394 566 457 medinm,
578 409 638 464 quac
651 409 713 449 curn
726 394 767 450 sui
778 408 885 464 quoquc
899 393 975 449 intel·
1026 393 1083 449 suis
1092 401 1156 449 sunt
1167 393 1219 448 sita
1229 391 1382 458 codicibus;
1394 391 1525 461 istiusque
1535 390 1680 467 diligentiae
1690 407 1740 448 nec
1750 392 1817 462 ipsis

186 487 285 539 lectum
313 484 370 540 sive
382 484 433 540 snb
445 484 634 555 allegoriarum
646 494 720 556 typo,
732 485 790 541 sive
804 486 855 540 sub
865 484 977 555 cujusli·
1025 498 1132 555 quoque
1144 483 1293 555 praelibatis
1305 483 1487 539 incidentibus
1501 483 1649 554 abnegans,
1663 484 1814 555 simplicem

186 578 231 631 bet
244 575 366 648 mysterii
381 590 453 645 saepe
468 584 713 645 tegercntarcano,
732 577 759 631 in
774 591 850 631 suam
875 578 974 632 iterum
1025 575 1106 630 modo
1127 590 1223 631 comm
1239 583 1342 630 textum
1368 574 1476 630 ceteris
1494 576 1659 640 interserui,
1678 591 1712 632 ne
1735 592 1757 632 sa
1781 593 1815 633 ea

186 665 397 721 declarationem
410 664 535 720 eumdem
553 665 680 721 laborare
707 669 854 736 cogebant;
881 666 975 737 sicque
1024 679 1086 720 cum
1099 665 1157 721 suis
1170 666 1206 720 ibi
1217 663 1433 736 expositionibus
1446 679 1584 734 ponerem,
1603 665 1727 720 mihimet
1742 664 1816 722 labo·

186 756 276 812 divina
291 754 444 825 provisione
455 762 561 825 gestum
582 764 625 810 est
637 763 667 809 ut
679 755 756 825 plura
772 770 856 810 sacrae
869 756 975 826 paginae
1024 769 1081 808 rcrn
1091 753 1268 823 geminarem,
1280 762 1308 809 et
1320 752 1414 811 lectori
1427 752 1566 809 fastidium
1582 756 1742 821 incuterem,
1751 764 1813 813 curn

186 843 321 911 abstrusa,
331 843 490 914 illiusopcra
502 842 704 899 evidentisslme
718 852 852 908 reserata,
868 846 975 915 perspi·
1024 845 1117 899 eadem
1129 852 1263 913 repeteret
1285 844 1412 914 quaejam
1426 859 1456 898 sc
1471 844 1597 914 superius
1608 844 1706 915 legisse
1716 860 1816 917 cogno-

185 935 334 991 euaeoobis
348 924 533 1007 intelligentiae
558 936 648 992 nitore
671 936 872 1007 resplendeant.
904 938 973 993 Dum
1025 942 1123 989 sceret.
1138 933 1274 988 Praeterea
1296 933 1335 988 sic
1348 932 1443 988 eadem
1469 933 1635 1003 pretitulata
1661 934 1763 1000 studui,
1787 945 1817 991 ut

186 1024 273 1081 solers
285 1025 377 1096 itaque
387 1026 429 1081 vir
442 1024 582 1096 diligentia
595 1034 745 1083 memorata
770 1021 919 1099 scripturae
931 1044 975 1084 sa·
1023 1039 1084 1095 quae
1109 1024 1213 1095 singula
1239 1024 1401 1079 schedarum
1424 1012 1533 1079 suanam
1547 1023 1607 1079 loca
1624 1032 1743 1091 teocam,
1767 1042 1816 1081 nn-

186 1128 240 1168 cre
247 1114 400 1170 testimonia
414 1124 468 1169 tam
480 1115 597 1187 eleganti
605 1113 802 1171 considerasset
811 1116 974 1172 enodatione
1024 1112 1146 1168 minutim
1162 1114 1351 1183 expresserim.
1367 1113 1417 1168 Ast
1430 1124 1520 1170 tamen
1549 1123 1644 1169 careat
1666 1115 1753 1171 lector
1770 1133 1813 1183 ne,

185 1203 310 1271 disseris,
325 1205 434 1275 dignum
447 1206 506 1261 lore
517 1208 649 1278 valdeque
661 1206 775 1276 perutile
787 1207 891 1271 censui,
907 1221 975 1275 qua·
1024 1203 1087 1259 dun
1101 1204 1127 1260 in
1140 1190 1291 1275 cujuspiam
1308 1203 1386 1284 titulo
1400 1203 1497 1274 legerit
1523 1204 1549 1258 in
1565 1204 1678 1274 epistola
1698 1205 1731 1261 ad
1750 1222 1813 1276 pcr-

184 1304 311 1352 tenaces
325 1297 464 1353 codicibus
479 1297 531 1356 illie
542 1309 668 1371 excerpta
681 1300 708 1356 in
721 1299 857 1370 singulare
871 1298 973 1368 proprii
1024 1308 1118 1349 sonam
1132 1293 1215 1360 illam,
1230 1295 1287 1349 sive
1304 1294 1332 1348 iu
1347 1308 1500 1350 sermonem
1525 1293 1598 1350 illius
1618 1296 1717 1360 sancti,
1741 1305 1769 1352 et
1789 1299 1815 1351 in

182 1384 329 1442 voluminis
341 1402 441 1457 corpus
454 1389 652 1458 redigerentur,
663 1406 697 1447 ne
717 1392 789 1446 inter
812 1398 850 1445 tot
870 1389 974 1445 scilicet
1023 1399 1077 1438 una
1091 1383 1216 1454 epistola,
1231 1399 1318 1439 unove
1332 1398 1457 1440 sermone
1477 1384 1589 1439 minime
1612 1385 1702 1440 lorsau
1726 1388 1816 1442 renni-

182 1473 352 1531 voluminosa
366 1477 502 1532 condensa
517 1476 634 1534 laterent
644 1479 805 1535 detrimenta
824 1479 971 1549 incognita.
1024 1473 1076 1528 sita
1102 1475 1242 1545 repererit,
1268 1483 1351 1547 limite
1375 1489 1419 1530 ¹¹¹0
1445 1474 1577 1531 mendacii
1599 1477 1814 1552 redarguendum

182 1564 240 1632 Qua
269 1566 359 1635 plane
375 1568 592 1626 consideratione
617 1585 771 1642 quanquam
796 1586 849 1625 non
877 1585 973 1640 parurn
1024 1574 1145 1629 censeat,
1157 1573 1256 1620 comet
1270 1565 1303 1619 ad
1318 1579 1552 1634 uaaampcrsonam
1569 1564 1640 1621 illius
1655 1566 1745 1636 plores
1758 1567 1815 1621 sint

182 1656 316 1712 universis
327 1657 354 1712 io
368 1673 482 1729 quorum
497 1674 594 1715 manus
614 1659 677 1714 olim
695 1660 751 1724 lame
765 1667 879 1715 verutum
893 1666 971 1714 erant
985 1645 1008 1703 Β
1021 1654 1153 1724 epistotae,
1168 1665 1196 1710 ct
1210 1656 1237 1709 in
1250 1654 1330 1710 ”⁰5⁰⁵
1344 1654 1431 1710 531·ΰῦ
1449 1654 1585 1723 praeconio
1610 1654 1702 1724 plures
1716 1655 1815 1710 ΰῑῙΙῙΙθ·
1905 1684 1909 1692 ·

181 1747 349 1815 praestiterit,
359 1747 411 1802 illis
425 1758 513 1804 tamen
525 1750 659 1822 praecipue
673 1749 840 1806 coarsrrluisse
852 1751 972 1805 cernitur
1022 1747 1112 1801 nrious
1126 1745 1227 1801 elimati
1247 1760 1395 1800 sermones.
1412 1744 1545 1812 Quocirca
1562 1760 1622 1815 quae
1640 1746 1813 1800 inveniuntur

181 1836 278 1905 quibus
293 1834 369 1907 plura
381 1836 471 1909 legere
483 1855 536 1895 noo
550 1840 709 1917 conceditur
720 1858 728 1907 ;
747 1849 786 1907 ut,
801 1841 864 1895 darm
877 1842 911 1909 ad
925 1856 972 1896 ca·
1022 1835 1109 1901 iubis,
1121 1835 1279 1905 reperienda
1290 1834 1606 1902 nondubiteturiraaliis;
1618 1852 1771 1906 quanquam
1780 1845 1809 1892 ct

179 1927 340 1999 pessendam
354 1931 445 1998 operis
459 1931 543 1986 totius
557 1931 753 2001 plenitudinem
776 1931 803 1986 bi
827 1931 895 1986 tales
922 1947 970 1987 nc·
1021 1942 1103 1996 snper
1114 1927 1165 1981 boc
1176 1925 1432 1997 plerumquevaleat
1442 1927 1469 1981 in
1478 1928 1544 1997 ipsis
1555 1928 1811 1998 praetitulationibus

180 2027 282 2087 queunt
294 2032 470 2090 consurgere,
495 2021 538 2075 bis
548 2020 644 2076 saltem
663 2020 778 2076 modicis
801 2021 898 2076 intenti
921 2035 970 2077 ne·
1020 2016 1811 2087 edocere.liocquoqueattendendumquia,dumnonnulla
1889 2056 1895 2068 .

181 2122 318 2178 quaquam
333 2108 440 2165 valeant
453 2110 550 2165 illustri
565 2111 632 2165 tann
648 2111 699 2165 viri
714 2110 840 2166 doctrina
857 2125 970 2181 prorsus
1020 2109 1135 2165 diversis
1152 2110 1207 2181 76
1220 2108 1347 2164 locissita
1362 2107 1520 2177 repererim,
1535 2116 1615 2178 atque
1636 2108 1699 2162 alibi
1721 2108 1809 2171 lartius,

180 2197 385 2268 esurirejejuni
405 2218 412 2254 ε
431 2210 460 2254 et
486 2201 532 2270 qui
562 2201 652 2255 minus
682 2199 818 2255 sufficiunt
839 2202 873 2256 do
898 2206 969 2257 vasti
1019 2197 1083 2251 alibi
1097 2197 1313 2266 compendiosius
1325 2197 1456 2266 exposita,
1468 2195 1511 2251 vel
1524 2196 1606 2251 etiam
1619 2197 1682 2267 styli
1696 2212 1807 2266 permu-

179 2288 375 2359 gurgitisalveo
385 2288 499 2349 lertilcm
509 2292 706 2362 capacisagena
719 2293 968 2362 praedarneduccrc,
1021 2292 1133 2357 tatione,
1149 2306 1196 2346 seu
1208 2293 1321 2359 ordinis,
1329 2291 1445 2347 licetsub
1455 2291 1549 2347 eodem
1557 2280 1706 2355 intellectu,
1721 2300 1810 2344 tamen

179 2393 233 2433 nou
246 2393 294 2434 cos
320 2379 411 2451 pigeat
424 2379 466 2435 vel
479 2381 568 2435 tenuis
581 2382 655 2436 hami
671 2390 730 2436 scta
749 2397 782 2436 ex
804 2398 889 2452 parvo
917 2383 970 2439 isto
1019 2380 1348 2453 aliquatenusdisparata;
1360 2382 1512 2452 aliquoties,
1527 2397 1587 2451 quae
1603 2394 1756 2451 competere
1770 2383 1811 2436 vi·

179 2467 239 2520 sino
250 2482 384 2535 seorsum,
399 2477 525 2538 tanquam
540 2470 565 2525 in
581 2485 631 2526 sno
644 2469 720 2526 alveo
728 2473 849 2538 reducto,
863 2472 969 2528 facilem
1018 2474 1144 2538 deantur,
1156 2475 1318 2531 altrinsecus
1331 2476 1478 2547 elegi,etin
1493 2475 1723 2531 uniussenteutiae
1745 2474 1803 2530 lor·

179 2564 319 2626 capturam
334 2559 508 2629 suspendere,
534 2576 658 2629 quasue
679 2561 835 2617 relectionis
859 2579 968 2618 mensu·
1020 2581 1091 2621 marn
1107 2564 1219 2621 deducta
1239 2567 1388 2635 composui.
1414 2564 1564 2634 llliquuties
1585 2579 1649 2619 vero
1664 2571 1806 2631 tetramque

180 2661 237 2701 ram
252 2645 447 2704 sufficientibus
461 2650 566 2719 possint
582 2649 697 2721 dapibus
719 2651 859 2706 infarcire.
884 2651 969 2719 llujus
1020 2659 1226 2729 expositionem,
1241 2673 1302 2714 eum
1316 2674 1360 2714 res
1370 2656 1496 2713 videlicet
1506 2664 1676 2726 exposceret,
1687 2654 1757 2710 sicot
1772 2655 1808 2709 tbi

179 2752 246 2808 ergo
260 2739 299 2795 vei
312 2741 449 2812 negotium
467 2750 556 2796 vestra
577 2742 643 2796 mibi
667 2743 800 2798 satietitas
829 2743 969 2814 injungere
1021 2751 1151 2821 comperi,
1168 2750 1204 2805 ita
1215 2750 1390 2805 nihilominus
1405 2750 1450 2804 bio
1463 2750 1595 2819 integram
1609 2745 1745 2817 sigillatim
1757 2760 1803 2815 ap·

179 2828 288 2898 dignata
301 2839 358 2897 est;
380 2846 432 2886 nou
451 2847 517 2887 sane
527 2833 600 2902 quod
620 2833 672 2888 mei
685 2849 782 2891 sensus
796 2849 856 2915 cum
868 2835 964 2890 lateret
1018 2840 1105 2910 posui.
1121 2839 1207 2895 Porro
1218 2855 1269 2895 nec
1281 2840 1352 2895 istud
1374 2838 1589 2910 praetereundum
1602 2837 1730 2906 qnoniam
1743 2835 1806 2906 qui·

180 2919 279 2990 inopia,
296 2922 342 2977 sed
358 2921 596 2994 itleolorternagis
612 2926 966 2997 quoniamidipsum,quod
1018 2928 1132 2986 busdam
1159 2930 1302 2987 sententiis
1322 2939 1377 2985 mm
1402 2914 1575 3001 congruentia
1593 2929 1648 2984 illic
1670 2927 1808 2997 proposita

176 3008 254 3081 juxta
270 3013 405 3082 propriam
425 3028 467 3067 me
479 3013 658 3083 capacitatem
677 3015 768 3071 valere
785 3017 886 3086 putavi,
900 3017 968 3072 dde-
1020 3022 1119 3092 reperi,
1135 3036 1196 3092 quae
1208 3023 1265 3076 suis
1278 3021 1304 3075 io
1317 2998 1521 3091 prefationibus
1534 3021 1578 3075 bic
1598 3020 1710 3075 minime
1725 3019 1809 3094 debc-¹

180 3098 244 3154 liter
257 3110 462 3169 prosecuturum
477 3101 536 3156 lore
546 3104 652 3172 speravi
664 3120 672 3169 ;
684 3104 784 3175 qnippe
799 3120 850 3160 nec
870 3106 967 3161 imme·
1019 3122 1081 3170 rent
1092 3113 1207 3175 mutari;
1219 3112 1380 3182 quibusdam
1393 3126 1457 3165 vero
1468 3126 1521 3166 non
1534 3110 1614 3166 modo
1625 3124 1658 3166 en
1670 3109 1809 3180 aliquanto

178 3189 242 3255 rito.
254 3204 314 3259 quae
324 3190 424 3246 dudum
435 3193 606 3248 trrelunctum
618 3204 764 3265 agnoverat
774 3196 963 3265 quadamdile·
1017 3204 1123 3274 longius
1148 3201 1277 3271 praelatis,
1299 3206 1393 3254 verum
1416 3200 1498 3254 etiam
1515 3214 1548 3254 cx
1573 3198 1808 3267 subseqnentibus,

178 3277 403 3349 ctionisejnsdem
414 3281 688 3355 Patrispraevogativo
701 3285 759 3339 sola
771 3286 856 3356 ipsius
865 3287 967 3355 pietate
1016 3308 1077 3365 quae
1092 3293 1182 3347 lorent
1192 3289 1320 3359 aptanda,
1333 3304 1441 3345 sumere
1453 3302 1565 3345 necesse
1578 3288 1677 3361 babui3
1691 3287 1752 3343 aliis
1763 3280 1808 3343 de·

179 3375 306 3444 gratuita.
315 3372 391 3430 Unde
397 3383 425 3430 ct
435 3383 554 3445 egomet,
567 3375 771 3430 licctariditatis
777 3391 844 3432 meaa
853 3377 965 3448 75non
1019 3385 1100 3453 nique
1114 3381 1220 3437 noviter
1230 3379 1317 3434 solum
1331 3378 1403 3433 edita
1416 3386 1543 3447 coaptare
1557 3378 1683 3447 cogebar.
1699 3374 1754 3430 Nec
1767 3385 1806 3431 ta·

180 3463 323 3518 immeuror
334 3465 460 3520 idoneum
472 3463 583 3520 mesore
594 3479 766 3537 nequisquam
782 3465 816 3521 ad
832 3467 905 3521 istud
916 3468 965 3523 ad·
1005 3486 1080 3529 ¹men
1092 3471 1154 3540 quis
1168 3483 1250 3539 snper
1262 3468 1314 3523 boc
1325 3466 1477 3521 tuirandum
1499 3465 1589 3533 ducat,
1607 3466 1670 3522 dum
1691 3465 1805 3520 istarum

179 3561 325 3618 verterem,
340 3556 416 3610 oncri
436 3563 525 3611 taanen
551 3556 615 3611 buic
637 3555 799 3614 obedientiae
824 3557 966 3613 humerum
1018 3560 1196 3633 praecedentia
1225 3558 1421 3614 sententiarum
1446 3572 1615 3628 nequaquam
1641 3556 1742 3628 passim
1770 3556 1805 3609 ad

85 3654 94 3676 ·
179 3645 251 3700 nulla
264 3646 416 3703 subducere
438 3648 615 3703 excusatione
640 3650 757 3715 tentavi;
772 3663 826 3705 nou
840 3648 966 3718 equidem
1018 3654 1092 3725 ipsas
1102 3662 1229 3723 tanquam
1241 3651 1395 3708 necessario
1407 3650 1599 3707 subsecuturas
1611 3650 1802 3722 spectaverint,

177 3737 242 3808 quala
258 3738 402 3794 temerarie
415 3738 449 3794 de
455 3739 572 3809 propriae
583 3737 719 3794 facultatis
728 3740 967 3810 praesumeremvl·
1018 3744 1081 3801 licet
1095 3744 1229 3799 rationem
1244 3757 1292 3799 eas
1310 3741 1498 3798 introducendi
1517 3741 1704 3812 praestiterim.
1726 3739 1804 3797 Unde

177 3828 263 3894 tibiis·
290 3828 337 3883 ⁸011
359 3828 468 3897 tusnd⁰
500 3837 527 3884 et
548 3829 721 3894 tibedlenllae,
743 3845 795 3900 (1¹¹²
819 3829 966 3901 gestiebam
1000 3850 1073 3892 ‘non
1089 3833 1272 3889 necessarium
1287 3830 1372 3887 inisse
1382 3830 1558 3902 perpenditur
1575 3839 1605 3885 ut
1618 3829 1746 3899 quaelibet
1758 3830 1802 3886 bis

179 3929 277 3974 vestrae
291 3934 387 3989 parere
396 3917 523 3986 jussioni,
538 3935 570 3975 ac
584 3920 720 3990 saepedicti
732 3920 823 3977 Patris
846 3921 963 3986 meritis,
1018 3925 1119 3997 ubique
1130 3923 1273 3980 sententiis
1281 3922 1430 3985 haererem,
1442 3935 1501 3990 qua
1513 3920 1570 3976 suis
1581 3920 1626 3976 laic
1640 3921 1726 3990 aptari
1737 3935 1807 3992 prm·

177 4009 254 4078 ctrjrts
267 4010 395 4065 rairnirum
411 4011 547 4079 praeconio
563 4010 658 4065 deesse
673 4026 726 4065 non
749 4020 856 4080 poterat
888 4010 965 4080 quid·
1018 4014 1200 4070 locutionibus
1210 4020 1331 4083 possent.
1343 4010 1396 4066 Sed
1406 4010 1463 4079 jam
1480 4025 1542 4065 cum
1555 4009 1684 4064 extremis
1698 4008 1805 4078 propin-

176 4101 241 4171 quid
256 4101 282 4154 in
295 4101 346 4156 boc
360 4100 425 4155 mibi
437 4114 518 4169 opere
530 4100 801 4170 proveniret,obnixc
813 4113 857 4154 me
866 4097 966 4154 sudre-
1016 4119 1081 4174 quo,
1099 4119 1158 4160 mea
1172 4104 1206 4158 ad
1221 4112 1257 4167 ae,
1270 4102 1363 4168 Pater,
1374 4102 1456 4157 verbo
1470 4109 1610 4165 converso,
1624 4107 1665 4166 ur,
1681 4099 1725 4156 eui
1738 4099 1807 4156 mm.

177 4190 294 4263 gaudum
306 4189 461 4259 lillibiffl·
485 4187 543 4245 *¹¹¹⁰
556 4189 661 4245 melli!
683 4188 754 4258 (1110ιΙ
781 4188 851 4242 idem
878 4188 965 4258 ipsum
1018 4196 1182 4267 tantprima‚
1191 4195 1252 4266 jure
1264 4207 1371 4263 quoque
1382 4191 1547 4247 taoiutemur
1556 4191 1661 4246 ultima.
1673 4189 1700 4244 ln
1712 4190 1808 4258 primis

176 4296 253 4351 opus,
264 4280 421 4348 cariatsesset
435 4278 606 4345 difficultatis,
619 4280 738 4336 nondum
753 4278 885 4345 clarebat,
899 4279 962 4335 dum
1018 4286 1109 4357 traque
1121 4286 1229 4340 ventam
1244 4281 1445 4354 superem-aris,
1464 4280 1564 4350 quibus
1583 4278 1612 4334 in
1629 4279 1680 4334 troo
1690 4276 1804 4333 tumtun

176 4386 210 4427 eo
228 4371 314 4426 solnm
326 4371 450 4426 videlicet
462 4371 558 4426 ordine
566 4370 681 4441 praelata
696 4370 824 4425 suaderet
837 4369 964 4440 excipere
1016 4374 1110 4431 videor
1130 4373 1275 4444 deliquisse
1298 4373 1416 4443 negotio,
1439 4370 1573 4427 submisse
1597 4382 1689 4425 coram
1708 4375 1806 4423 vestrae

177 4462 343 4526 testimonia,
361 4477 415 4531 quo
427 4461 463 4517 ita
486 4462 543 4516 suis
561 4461 745 4531 reperirentur
765 4462 792 4515 iu
814 4460 963 4517 schedulis.
1016 4465 1171 4520 sanctitatis
1185 4462 1371 4535 magnitudine
1388 4461 1519 4532 implor03
1532 4475 1614 4530 quarn
1633 4457 1715 4514 sitnul
1738 4471 1807 4527 quo-

176 4558 212 4610 tlt
224 4570 290 4610 vero
299 4564 453 4626 postquam,
469 4554 527 4622 lam
544 4564 620 4624 parte
635 4555 676 4610 sic
690 4555 817 4619 decursa,
842 4555 965 4610 consulto
1016 4570 1069 4625 que
1083 4556 1151 4611 milri
1161 4571 1222 4610 curn
1234 4555 1285 4609 hoc
1299 4553 1405 4609 loenore
1419 4553 1511 4624 largiri
1531 4552 1657 4622 deposco,
1672 4559 1807 4621 qnatenus

177 4647 354 4702 advertissem
368 4645 439 4715 qaod
454 4653 543 4715 coepto
569 4652 662 4700 tenore
676 4645 762 4715 magis
786 4645 876 4715 operis
898 4644 965 4700 ordo
1016 4660 1077 4714 quae
1083 4643 1242 4715 corrigenda
1253 4650 1317 4698 suan
1328 4642 1482 4697 nullatcnus
1490 4641 1641 4695 incorrecta
1654 4638 1804 4707 relinquat;

175 4737 385 4795 conlurrderetnr
415 4753 496 4806 quarn
532 4736 694 4801 clarelleaet,
709 4737 810 4806 quique
835 4737 964 4793 lectorem
1020 4749 1056 4790 ue
1075 4734 1227 4803 quidextra
1242 4731 1494 4787 decaeterornanus
1512 4728 1632 4783 inveniat
1653 4728 1726 4795 quod
1752 4739 1806 4781 met

177 4831 263 4901 magis
274 4830 308 4885 ed
331 4814 456 4899 soporem
480 4843 561 4897 quam
577 4828 611 4882 ad
626 4828 812 4883 meditandum
837 4829 963 4898 excipere
1014 4840 1077 4880 cum
1092 4820 1411 4889 insultationeldecerpat.
1423 4819 1597 4888 Nequaquam
1607 4817 1680 4871 euim
1690 4830 1752 4883 reor
1765 4815 1805 4870 sic

175 4929 434 4992 penetraturum
449 4917 627 4987 longesatius
640 4916 806 4973 lrucmosnm
822 4933 964 4987 mequan·
1016 4930 1059 4970 me
1078 4912 1274 4969 cucurrissent
1290 4924 1339 4980 per
1349 4907 1440 4963 omnia
1451 4903 1805 4976 irrepretrenstuttisutcue·
1822 4944 1825 4955 t

176 5011 277 5070 talbot
290 5010 452 5068 difficultatis
471 5011 591 5067 laborem
616 5011 747 5080 arripere,
771 5025 851 5080 quarn
877 5010 965 5065 inlru-
1016 5020 1124 5076 quaque
1137 5001 1267 5073 reperiar.
1282 5001 1311 5055 ln
1325 5000 1424 5070 quibus
1447 5013 1511 5070 crgo
1525 4997 1688 5068 quandoque
1711 4996 1805 5050 redar-

176 5101 574 5172 ctuosarulllarnamplectcndo
581 5100 737 5155 lacilitatem
744 5099 851 5155 sectari.
861 5099 964 5155 Relicta
1017 5097 1138 5168 guendus
1149 5107 1275 5164 appareo,
1290 5091 1416 5163 proprie,
1431 5090 1546 5160 ipsomet
1559 5088 1702 5153 conlltcos,
1719 5085 1804 5154 irnpe-

177 5195 259 5267 igitur
274 5195 354 5265 ctepti
372 5194 471 5249 tenoris
485 5192 682 5263 prosecutione,
699 5205 752 5260 qna
766 5200 858 5245 vetera
874 5191 961 5257 novis,
1018 5189 1088 5244 ritiae
1101 5188 1232 5257 deputare
1248 5200 1329 5255 quarn
1346 5183 1497 5255 procaciter
1514 5178 1659 5237 defendere
1670 5175 1751 5232 malo.
1774 5175 1804 5230 Si

170 5283 418 5354 hagiograplra,seu
431 5300 525 5356 regunt
550 5292 611 5339 acta
636 5283 884 5339 commiscebantur
899 5299 963 5354 pro-
1016 5280 1080 5351 quid
1098 5294 1172 5343 vero,
1188 5276 1259 5347 quod
1273 5276 1343 5330 lorte
1358 5273 1473 5343 placeat,
1488 5270 1630 5343 gesserim,
1645 5266 1806 5322 obedientias

176 5376 286 5447 rubetis,
299 5392 331 5431 ea
346 5375 385 5431 sic
401 5376 488 5431 denuo
514 5375 644 5429 ordinare
671 5388 816 5444 aggressus
841 5390 912 5437 sum,
932 5380 963 5428 nt
1015 5379 1113 5428 vestrae
1127 5368 1264 5425 sanctitati
1279 5365 1417 5429 exhibitae,
1441 5361 1614 5431 ejusdemque
1629 5374 1701 5430 sepe
1728 5371 1803 5413 recu·

174 5483 344 5539 unaquaeque
361 5468 513 5524 testimonia
537 5483 586 5538 por
600 5482 663 5523 suos
678 5466 762 5523 libros
775 5465 961 5536 componendo
1015 5464 1088 5520 lendi
1108 5462 1193 5533 patris
1220 5457 1334 5521 meritis,
1353 5465 1413 5528 post
1436 5455 1530 5518 Deum,
1558 5453 1600 5508 rui
1620 5450 1805 5522 principaliter

177 5557 381 5630 distinguerem,
394 5567 525 5628 quatcnus
538 5557 659 5629 quisquis
672 5574 702 5613 cu
714 5556 859 5614 studiosius
874 5557 963 5628 acqui·
1015 5560 1122 5621 cuncta,
1134 5566 1194 5621 qttoe
1206 5549 1262 5618 ipsc
1276 5546 1423 5609 distribuit,
1437 5545 1506 5600 dona
1519 5542 1653 5601 reddenda
1673 5550 1746 5608 sunt,
1760 5538 1804 5595 de·
