4017 6192
199 235 251 292 ili
425 228 456 286 S.
475 227 579 285 neunt
599 224 741 284 ululatii
759 221 834 282 OPP.
851 219 971 283 nunus
991 220 1059 297 Sint
1078 217 1171 279 PARS
1188 217 1232 278 tlt.
1247 250 1283 263 -
1300 217 1485 279 onustum
1506 220 1623 278 tants.
1787 216 1841 277 838

506 339 622 399 cqpuq·
647 340 694 399 ιιι,
1012 333 1103 401 quer
1115 333 1219 407 lignum
1232 347 1331 406 nempe
1341 349 1391 390 nos
1404 330 1529 391 servituti
1541 349 1599 389 stre
1607 334 1846 409 princepssnper·
1920 328 1925 347 ⁸

203 438 260 496 Fue
274 438 322 497 tili
334 452 425 494 areum
440 434 473 490 de
484 433 563 505 iipnis
576 431 721 504 laertiyntis.¹
734 440 759 487 et
772 430 899 486 litamine
920 431 997 486 linies
1049 426 1101 483 biae
1125 423 1264 490 subdidit‘,
1278 434 1306 481 et
1320 439 1370 496 per
1385 422 1487 495 lignum
1509 439 1560 479 nus
1574 424 1736 483 humilitatis
1750 434 1848 487 auctor

407 504 565 561 lidelmi
576 511 601 559 ⁶⁸
611 502 785 557 ‘ulimm-
1048 514 1175 573 Christus
1187 512 1319 571 Dominus
1333 511 1360 569 in
1376 513 1511 569 libertatis
1524 513 1632 568 titulum
1646 515 1796 572 revocarit.

238 623 337 679 ,tecam
347 609 429 689 ,uum
441 625 505 672 octo
516 614 623 670 anlmas
635 612 707 668 inter
721 609 883 682 cataclysmi
894 610 996 667 fluenta
1343 628 1459 687 (ςιιιιιι
1477 628 1547 686 ιιιιι,

199 711 353 776 continuit,
366 708 531 764 instrinsecus
542 713 571 761 et
582 702 754 762 extrinsecus
776 699 853 757 liniri
865 699 999 757 bitumine
1050 720 1129 791 Quod
1140 721 1235 777 mm,
1251 719 1400 785 mmm
1414 719 1496 777 „mm
1509 721 1561 792 suu
1576 738 1646 795 ⁰4⁸⁶
1660 722 1756 780 dm
1767 740 1848 799 m

198 821 252 864 vex
266 802 359 860 dlrlna
380 796 526 873 praceplt3
541 803 636 852 sancta
659 791 766 851 scilicet
785 790 923 857 Ecclesia,
938 804 999 862 qnae
1334 807 1423 847 amm
1446 801 1558 847 manu„

200 898 235 953 ad
251 891 462 953 resurrectionis
476 888 593 963 gloriam
616 885 718 952 tendit,
736 883 777 939 sic
792 883 906 938 intnset
920 888 998 937 extra
1084 880 1284 951 Quindcnarios
1306 896 1455 948 numems,
1469 882 1533 953 qnla
1552 897 1585 938 ex
1608 892 1713 956 septem
1734 895 1764 943 et
1783 894 1848 946 octo

198 987 331 1046 bitumine
344 983 452 1049 linitur,
475 988 506 1036 nt
526 987 555 1035 et
579 975 647 1033 ieris
663 973 820 1033 blandiatur
834 971 862 1028 in
875 970 997 1028 fraterna
1048 980 1172 1040 constat,
1187 972 1347 1045 mysterium
1361 972 1389 1029 in
1404 987 1435 1029 se
1452 972 1576 1030 continet
1590 974 1679 1033 bcatae
1701 978 1803 1047 qnietis
1819 986 1847 1035 ιι

198 1080 361 1143 dilectione,
386 1086 415 1133 et
436 1074 512 1130 intus
535 1070 675 1127 coherent
686 1067 715 1124 in
728 1063 884 1123 dulcedinis
897 1072 999 1120 mutuae
1049 1062 1147 1120 laturae
1159 1063 1386 1131 resurreetionim
1400 1063 1471 1119 bens
1483 1064 1571 1133 enim,
1586 1066 1664 1123 initio
1675 1069 1768 1125 mnndi
1781 1084 1847 1127 con.

171 1196 173 1200 ·
189 1156 324 1227 imme·
339 1163 470 1237 Quisquis
485 1161 558 1219 enim
573 1161 747 1221 illusam&
765 1156 814 1213 Sed
827 1155 894 1212 forle
907 1154 1000 1211 iratri-
1049 1155 1847 1228 diti,septimodierequievit,ctoetaredie,cummnndnm

200 1263 251 1317 bus
267 1271 374 1314 morum
399 1255 549 1310 inconsona
564 1248 714 1321 asperitate
726 1244 885 1313 discordat,
900 1244 999 1301 intrin·
1049 1247 1212 1314 redimeret,
1233 1247 1395 1304 resurrexit.
1419 1246 1570 1320 Utriusque
1590 1251 1696 1307 numeri
1711 1250 1791 1324 liujus
1803 1268 1847 1310 sa·

197 1362 278 1405 secus
299 1345 410 1418 quidem
433 1342 556 1399 bitumen
578 1339 677 1405 babet,
694 1335 929 1394 sedentrinsecns
944 1348 998 1391 non
1048 1348 1219 1421 crementum
1235 1339 1394 1397 continetur
1414 1339 1571 1411 specialiter
1593 1341 1621 1397 ln
1632 1341 1786 1415 baptismo,
1800 1345 1845 1402 nbi

197 1441 294 1507 lrabet;
316 1434 561 1509 quisquisremse
577 1430 764 1503 specietenus
778 1425 913 1484 ailabilem
927 1440 999 1498 prae·
1048 1431 1154 1489 scilicet
1176 1429 1239 1487 noel
1261 1429 1296 1487 dc
1318 1439 1455 1487 vetustate
1479 1430 1696 1504 resurgimuset
1717 1433 1847 1508 deinceps

199 1535 269 1589 bens
281 1529 433 1587 amicitiam
447 1524 573 1593 simulat,
589 1521 636 1580 sed
652 1521 680 1578 in
701 1520 794 1577 cordis
806 1519 915 1576 occulto
927 1517 1000 1575 teri·
1048 1523 1192 1595 quiescere
1206 1537 1220 1577 a
1234 1522 1366 1579 mundani
1388 1522 1521 1595 strepitus
1539 1525 1747 1596 perturbatione
1764 1525 1846 1596 inbc-

198 1635 283 1683 tntem
300 1621 430 1679 amicitie
444 1635 500 1676 non
514 1624 622 1684 serrat,
634 1612 830 1671 damnabiliter
841 1611 916 1668 intus
928 1610 996 1676 bist,
1049 1629 1121 1680 mor,
1134 1612 1193 1670 lloe
1206 1613 1324 1686 dentque
1340 1613 1462 1684 septimae
1483 1614 1585 1686 qnietis
1595 1624 1626 1672 et
1638 1627 1742 1673 octarae
1755 1633 1846 1675 resne

197 1732 259 1772 cnm
284 1713 438 1769 forinsecus
460 1707 619 1781 superducti
652 1705 794 1763 bituminis
821 1702 996 1760 simulatione
1012 1704 1035 1764 B
1049 1703 1179 1760 rectionis
1200 1704 1362 1778 mysterium
1381 1719 1436 1761 nun
1460 1704 1617 1778 intelligunt
1630 1707 1682 1779 qni,
1695 1706 1739 1764 rel
1752 1708 1846 1782 gloria

198 1808 343 1863 cohaereat.
366 1802 490 1873 Quorum
512 1798 644 1855 videlicet
667 1812 683 1853 a
707 1795 829 1852 diluviali
853 1794 996 1867 naufragio
1048 1793 1192 1850 mundane
1202 1794 1352 1865 jactantia,
1367 1794 1410 1850 rel
1424 1805 1540 1852 terrente
1552 1794 1695 1867 sapientiae
1707 1798 1842 1855 sanitati·

199 1904 296 1953 uenter
308 1894 435 1965 cripitur,
449 1890 514 1963 quia
530 1888 631 1960 duplici
643 1886 789 1944 eharitatis
802 1884 953 1950 bitumine,
967 1891 997 1940 ut
1046 1883 1099 1941 bns
1111 1882 1306 1939 intumescunt.
1321 1880 1400 1939 Unde
1415 1891 1478 1953 apte
1489 1883 1534 1940 bie
1551 1884 1651 1941 dieitur
1662 1886 1727 1956 quia
1740 1904 1750 1939 t
1765 1888 1847 1957 qoin-

198 1988 331 2045 ditinitns
341 1995 511 2058 pracceptum
526 1992 585 2047 est,
607 1979 719 2036 minime
734 1979 870 2046 munitum
884 1978 930 2049 qui
944 1993 996 2034 an·
1047 1973 1135 2031 decim
1151 1972 1251 2029 enbitis
1265 1972 1346 2029 altior
1360 1972 1411 2029 init
1424 1987 1495 2044 aqna
1521 1989 1604 2045 snper
1618 1975 1846 2035 omnes‘mumee

200 2092 255 2134 tem
268 2090 299 2131 se
309 2073 417 2131 etieris
429 2072 534 2144 praebet
552 2068 711 2135 amabilem,
722 2077 751 2126 et
764 2070 837 2127 intus
851 2076 997 2126 conservat
1046 2080 1115 2137 quus
1126 2074 1283 2137 opemerat.
1298 2084 1308 2120 t
1326 2064 1431 2122 liuntes
1443 2066 1559 2134 scilicet,
1583 2067 1716 2137 snperbos
1736 2068 1845 2141 signin.

197 2179 350 2231 amantem,
375 2163 443 2219 loris
462 2177 525 2219 eam
547 2160 633 2218 ramis
652 2158 728 2217 verbi
754 2159 861 2216 lructns
885 2158 997 2216 exbibet
1047 2166 1113 2213 cant
1128 2155 1264 2213 etelatos.
1279 2154 1372 2212 Altum
1389 2171 1455 2230 erqo
1468 2164 1552 2228 atquc
1567 2155 1730 2230 protundum
1752 2174 1846 2215 mur.

203 2257 345 2326 benellcil,
360 2256 434 2312 intus
450 2252 533 2310 altam
547 2252 665 2308 radicem
679 2250 747 2321 llglt,
762 2251 826 2322 qnia
840 2248 997 2306 medullitus
1048 2246 1314 2318 rectionisetquictis
1325 2246 1428 2303 intime
1438 2257 1642 2305 sacramentnm
1654 2259 1843 2307 omnemtran·

201 2347 299 2420 diligit
315 2344 542 2418 llicpmiectoet
556 2343 671 2399 intnset
685 2349 764 2398 extra
778 2340 914 2398 bitumine
934 2340 996 2397 lini·
1046 2339 1153 2397 seendlt
1175 2338 1342 2395 intellectum
1374 2338 1428 2395 alta
1459 2340 1621 2412 sapientium
1651 2342 1843 2414 superbarum.

200 2451 257 2507 tarr,
282 2439 346 2510 qnia
370 2435 472 2509 duplici
487 2435 632 2492 charitatis
653 2432 760 2507 glutino
784 2447 847 2489 cnm
862 2431 996 2505 proximis
1337 2451 1453 2510 cqpup
1472 2452 1543 2511 χιιι,

198 2530 359 2587 ioederatar.
370 2525 631 2596 Porroantemquia
642 2522 996 2626 delignislaenigatisprius
1046 2543 1124 2612 Quod
1138 2534 1267 2600 pyum-„m
1287 2547 1363 2617 cmm-3
1378 2546 1463 2602 mim·
1477 2555 1536 2609 Μ
1549 2556 1654 2604 ,mm
1666 2558 1692 2605 a
1705 2551 1839 2625 quium,

199 2635 265 2675 arca
282 2618 340 2675 lieri
352 2617 510 2690 precipitur
522 2624 552 2672 et
566 2615 607 2671 sic
620 2614 750 2684 deinceps
769 2621 800 2668 ut
814 2613 949 2669 bitumine
960 2613 996 2668 lt·
1366 2618 1441 2689 mitte
1452 2617 1518 2673 dics.

200 2715 301 2780 niatnr,
310 2690 425 2784 perduc
437 2719 530 2782 aperte
540 2706 619 2764 nobis
629 2705 753 2763 innnltnr
762 2713 793 2760 nt
805 2704 877 2776 liqna
890 2712 994 2772 nostra,
1083 2703 1233 2762 ellenersac
1248 2715 1399 2779 suntaqnae
1410 2706 1445 2763 tle
1458 2717 1531 2765 terra
1539 2718 1636 2767 euntes
1645 2719 1674 2766 et
1686 2712 1841 2778 redeuntes,

201 2805 263 2861 duri
275 2803 411 2869 videlicet,
418 2800 514 2857 inculti
529 2807 557 2856 ct
569 2797 660 2868 asperi
676 2810 779 2860 mores,
791 2795 868 2866 prins
879 2795 995 2866 expoliri
1045 2806 1073 2853 et
1087 2806 1231 2869 cmpemnt
1244 2798 1330 2854 minui
1350 2808 1413 2872 pust
1424 2810 1533 2858 centum
1555 2802 1639 2876 007
1653 2813 1682 2860 et
1706 2805 1841 2878 qninqua-

200 2899 320 2953 debeant
333 2909 382 2967 per
392 2890 542 2966 spiritualis
551 2887 676 2945 exercitii
689 2885 869 2957 disciplinam,
881 2893 913 2941 nt
921 2900 996 2942 cont·
1044 2887 1121 2961 ginta
1145 2886 1240 2944 dies.»
1266 2888 1401 2957 Quoniam
1435 2890 1463 2947 in
1499 2893 1716 2963 remunerationis
1743 2904 1843 2952 nostre

198 2998 286 3061 pacta
307 2986 408 3043 debinc
433 2983 546 3041 iabricae
569 2982 693 3038 bitumen
723 2978 850 3045 accedat3
874 2977 993 3050 quandiu
1046 2978 1178 3052 mysterio
1192 2980 1308 3051 septima
1322 2981 1508 3052 requiescum
1521 2992 1619 3041 octana
1644 2989 1842 3045 resurreetione

199 3082 273 3137 enim
286 3077 426 3136 bominum
442 3089 533 3132 mores
545 3072 635 3144 asperi
650 3079 751 3128 suntet
763 3069 868 3137 inculti,
880 3070 997 3127 inaniter
1010 3060 1033 3124 G
1047 3065 1233 3138 cortlunssitnr,
1255 3068 1324 3126 bene
1337 3069 1364 3126 in
1377 3069 1491 3129 Genesis
1510 3071 1581 3131 libro
1602 3074 1725 3133 dicitnr:
1744 3095 1756 3130 r
1773 3076 1842 3147 Quia

200 3174 241 3230 eis
254 3169 397 3230 ebaritatis
408 3168 501 3241 gluten
514 3165 672 3239 apponitur,
686 3163 750 3234 qula
759 3162 795 3220 ab
807 3162 924 3220 invicem
940 3162 995 3219 cito
1047 3150 1165 3216 reuersae
1175 3167 1239 3216 snm
1248 3174 1326 3233 aquae
1337 3161 1371 3216 de
1385 3170 1474 3230 terra,
1485 3173 1513 3220 et
1527 3177 1669 3238 empernnt
1681 3167 1767 3223 minui
1781 3176 1842 3240 pust

200 3261 347 3328 dissiliunt,
360 3259 425 3316 dnm
438 3259 465 3314 in
477 3256 517 3314 eis
528 3256 620 3330 politae
634 3253 798 3312 moralitatis
810 3260 917 3325 aequata
931 3268 997 3311 eon-
1046 3264 1158 3311 centum
1167 3266 1195 3312 et
1205 3256 1402 3329 quinquaginta
1412 3258 1486 3327 dies;
1501 3277 1512 3314 r
1527 3260 1700 3334 septuaginta
1712 3277 1840 3335 namque.

121 3364 133 3371 ’
204 3353 348 3413 federatio
362 3365 417 3408 noo
437 3356 557 3407 tenetur.
1046 3346 1092 3418 qui
1105 3363 1120 3403 a
1131 3357 1245 3419 septem,
1259 3358 1286 3405 et
1296 3350 1435 3422 octoginta
1445 3351 1492 3423 qui
1501 3351 1536 3409 ab
1546 3360 1609 3409 netu
1621 3354 1840 3424 dinumerantur,

449 3439 535 3512 896
551 3435 667 3495 CAPUT
686 3435 745 3493 xil.
1046 3437 1222 3511 simuliuncti
1236 3448 1344 3497 centum
1358 3441 1554 3513 quinquaqinta
1570 3441 1649 3500 dont.

406 3524 784 3585 Demenssraurcoediiunii.
1344 3530 1459 3589 CAPUT
1477 3532 1536 3590 xv,
1619 3597 1621 3603 υ

234 3621 331 3679 Crucis
344 3619 504 3695 mysterium
522 3632 587 3674 arca
602 3616 646 3673 illa
660 3616 806 3682 continuit,
820 3624 898 3686 cnyns
907 3615 998 3688 longl-
1174 3621 1252 3690 Quod
1266 3640 1330 3680 uren
1350 3626 1473 3697 requiscit
1492 3642 1580 3682 menae
1598 3627 1718 3698 septimo.

200 3715 321 3772 tudinem
334 3706 996 3779 trecentcmminissecubitorumSeripturadell·
1083 3711 1229 3784 Reqirierit
1246 3730 1310 3771 arca
1327 3730 1421 3772 mense
1438 3716 1565 3788 septimo,
1582 3716 1715 3789 rigesime
1728 3717 1842 3790 septimo

199 3807 250 3863 nit.
263 3804 316 3875 oni
329 3802 454 3871 videlieet
465 3815 596 3858 numems
609 3800 636 3856 in
650 3801 714 3856 tion
724 3799 996 3870 littera,qnaecmcis
1047 3804 1092 3861 die
1112 3804 1222 3874 mensis,
1233 3820 1316 3878 snper
1338 3814 1444 3862 montes
1467 3806 1614 3863 benteniae.
1633 3806 1699 3875 Qun
1713 3807 1841 3864 nimirum

200 3896 328 3971 exprimit
340 3894 476 3967 speciem,
489 3891 656 3949 continetur·
670 3891 757 3947 Porro
771 3890 843 3947 sicul
861 3888 918 3946 Noe
934 3905 996 3947 euni
1048 3897 1246 3969 septuagenarii
1266 3898 1375 3968 requies
1395 3898 1466 3954 bene
1479 3897 1506 3953 in
1519 3898 1655 3971 baptismo
1666 3898 1840 3955 ermittenda-

199 3988 256 4046 suis
277 4000 433 4059 peraquam
443 3984 601 4058 lignumque
611 3974 743 4047 saltatur.
754 3981 795 4038 sic
804 3990 831 4038 et
842 3980 943 4039 Christi
955 3979 996 4036 la·
1049 3996 1110 4054 tur,
1134 3988 1206 4060 quud
1227 3986 1356 4045 videlieet
1379 4002 1427 4059 per
1452 3987 1583 4045 diluuium
1607 3987 1673 4045 lilnd
1697 3987 1840 4061 liguratom

199 4081 273 4138 milia
285 4095 356 4151 aqua
369 4075 626 4150 salratnretlignc,
638 4075 702 4132 dnm
713 4083 742 4132 et
756 4074 891 4146 baptismo
902 4073 998 4131 salutis
1047 4092 1109 4134 csse
1126 4077 1310 4151 ‹lignoseltnrp
1327 4077 1355 4133 in
1372 4092 1426 4149 que
1448 4078 1511 4135 nevi
1538 4078 1571 4134 de
1596 4079 1684 4135 Adam
1707 4086 1841 4136 vetustate

198 4172 326 4235 abluitur,
340 4178 368 4228 et
380 4170 495 4226 rivillcae
509 4170 599 4225 crucis
615 4167 795 4240 lmpressionc
806 4165 939 4238 signatur.
1047 4179 1221 4239 resurgentes
1237 4168 1363 4240 deinceps
1377 4170 1519 4241 quiescere
1532 4184 1549 4224 a
1567 4169 1696 4227 mundani
1709 4169 1841 4243 strepitus

237 4264 304 4332 Quae
315 4261 441 4318 videlicet
455 4275 533 4327 arca,
554 4269 584 4315 nt
595 4260 621 4315 in
639 4267 813 4315 sacramento
831 4257 931 4315 Christi
946 4257 998 4313 bu·
1048 4256 1251 4327 perturbatione
1261 4256 1399 4328 jubemur.

198 4353 274 4409 mani
287 4350 411 4422 corporis
427 4348 553 4405 rideatur
566 4348 740 4420 equiparare
754 4362 928 4414 mensnram,
942 4358 997 4405 tre·
1339 4348 1458 4407 staur
1476 4348 1547 4407 xit.

199 4452 293 4500 centos
307 4441 436 4517 babuisse
449 4440 556 4496 cubitos
570 4439 597 4495 ln
614 4438 792 4511 longitudine,
807 4436 919 4510 triginta
932 4451 997 4493 vero
1011 4411 1036 4471 ⁰
1160 4441 1197 4498 lle
1210 4458 1287 4498 cereo
1301 4451 1326 4498 et
1340 4442 1462 4498 celrtmie
1478 4458 1512 4498 ee
1524 4461 1588 4499 eren
1604 4442 1731 4500 dimissis.

200 4537 229 4590 ln
241 4531 384 4589 altitudine
396 4529 565 4603 perbibetnr.
587 4527 717 4585 Trecenti
731 4527 995 4598 namquequinqna·
1065 4531 1112 4589 'ln
1127 4530 1208 4603 lanios
1226 4532 1326 4604 qnippe
1347 4533 1441 4589 mundi
1467 4532 1525 4589 sale
1546 4533 1612 4604 justi
1635 4533 1773 4602 laborant,
1793 4534 1839 4592 ubl

198 4625 339 4699 penarium
362 4637 506 4679 nnmenrm
523 4622 630 4688 sexies,
654 4629 682 4677 et
708 4619 888 4676 tricenarium
914 4620 941 4675 ln
966 4632 996 4675 se
1047 4641 1124 4682 snam
1147 4625 1256 4697 reprobi
1279 4624 1420 4697 possident
1441 4625 1574 4697 requiem.
1591 4624 1677 4693 Quam
1698 4626 1840 4683 diversita-

199 4717 290 4774 tleeies
312 4714 467 4782 includunt:
493 4722 521 4771 ct
544 4714 656 4770 latumani
679 4711 804 4783 eorporis
826 4710 965 4785 longitudo
979 4727 994 4767 a
1047 4725 1101 4772 tern
1116 4716 1186 4772 benc
1201 4729 1298 4771 corvus
1312 4722 1340 4772 et
1356 4713 1481 4770 columba
1495 4729 1532 4771 ex
1552 4730 1616 4771 area
1632 4715 1738 4772 nimissl
1753 4716 1838 4788 signi·

199 4806 296 4877 capitis
308 4806 410 4862 vertice
423 4820 510 4876 usquc
523 4805 556 4860 ad
569 4805 651 4876 pedes
665 4803 755 4860 series
778 4809 883 4859 tantum
896 4802 994 4870 babet,
1047 4805 1147 4868 lltzant;
1158 4820 1257 4861 cerrus
1278 4803 1361 4869 eninr,
1377 4804 1557 4860 cadaveribus
1571 4804 1702 4873 insidens,
1712 4804 1746 4860 ad
1768 4818 1838 4860 arec

199 4904 331 4966 (putantum
346 4894 477 4959 latitudo,
499 4909 561 4965 qum
570 4902 616 4949 est
632 4908 647 4947 a
668 4893 781 4949 dextera
803 4892 936 4962 usquead
957 4892 993 4948 si·
1047 4896 1165 4952 claustra
1180 4910 1233 4951 nen
1247 4894 1343 4963 rediit;
1363 4894 1488 4951 columba
1503 4909 1569 4951 vero
1583 4909 1692 4950 reversa
1705 4902 1760 4960 est,
1773 4893 1837 4965 quis

202 4982 329 5052 nistram;
353 4991 380 5041 et
398 4983 488 5039 decies
506 4991 610 5038 tantum
634 4991 766 5053 quantum
789 4980 918 5043 altitudo.
933 4997 994 5054 qum
1047 4987 1092 5043 nbi
1105 5001 1153 5058 pes
1176 4986 1235 5058 ejus
1249 4987 1416 5058 requisceret
1430 5000 1483 5042 nen
1501 4985 1613 5042 inuenit.
1626 4983 1676 5041 llic
1689 4985 1774 5049 enim,
1792 4982 1837 5041 obi

198 5084 242 5132 est
259 5083 362 5133 antcet
374 5081 459 5131 retro.
473 5073 520 5129 Sic
534 5072 663 5128 nimimm
675 5086 739 5127 arca
754 5072 780 5127 in
794 5074 993 5132 trecentenario
1046 5076 1123 5149 praui
1145 5077 1245 5149 qniqne
1270 5076 1427 5134 carnalibus
1451 5091 1482 5133 se
1509 5074 1695 5145 rctnptatitns
1719 5074 1836 5143 satiant,

199 5166 375 5241 longitudinis
391 5180 448 5222 snae
470 5176 586 5219 nurnero
598 5163 716 5235 speciem
729 5163 835 5228 crucis,
855 5173 883 5219 et
903 5163 930 5218 in
950 5174 992 5219 tc·
1046 5166 1133 5224 cancri
1148 5166 1200 5222 ciri
1215 5167 1334 5237 reperire
1358 5174 1497 5237 nequeunt
1519 5164 1565 5221 ubi
1589 5164 1624 5222 ad
1644 5163 1838 5237 quiescendum

201 5260 255 5315 tius
267 5274 324 5315 suas
343 5254 523 5314 dimensionis
548 5253 691 5309 altitudine
715 5252 828 5323 llgnmm
853 5261 926 5310 tenet
940 5252 993 5309 llo·
1048 5257 1176 5315 dcsidcrii
1191 5257 1341 5329 senipedem
1354 5265 1465 5328 ponant.

200 5350 291 5406 ntinici
309 5350 442 5422 corperis.
465 5348 499 5404 Et
520 5347 593 5404 sicut
611 5346 709 5401 animm
729 5355 834 5415 septem
855 5345 992 5401 (lunantur
1336 5345 1451 5403 CAPUT
1470 5343 1551 5404 livit.
1636 5417 1641 5427 Ι

201 5437 274 5505 noe,
296 5448 328 5495 ot
341 5454 391 5509 per
406 5440 509 5511 lignum
525 5437 667 5494 salventur
686 5436 713 5492 in
730 5435 809 5508 aquis
829 5435 936 5501 diluvii,
953 5436 993 5492 sic
1100 5436 1178 5507 Quod
1192 5437 1293 5492 dimisit
1310 5439 1404 5493 itcmm
1420 5436 1479 5493 Nee
1492 5436 1640 5493 celemion
1658 5450 1692 5490 es
1706 5444 1781 5488 erce.

201 5540 304 5603 septem
316 5532 443 5589 Ecclesiae
453 5531 604 5604 septilormi
617 5529 721 5602 Spiritu
733 5529 842 5600 repletae
853 5528 994 5585 salvantur
1081 5530 1148 5587 Cum
1170 5530 1261 5587 retundi
1283 5530 1397 5587 erimina
1411 5531 1512 5587 dilutio
1532 5529 1649 5601 quodam
1662 5527 1839 5599 expiarentur

202 5624 229 5678 in
241 5620 350 5679 Christo
362 5635 411 5689 pcr
423 5621 526 5691 lignum
540 5622 630 5678 erneis
644 5629 672 5678 et
694 5635 792 5691 aquam
807 5618 989 5690 baptismatis.
1046 5621 1146 5690 elirtso,
1169 5621 1253 5679 lutnri
1276 5621 1397 5680 muneris
1418 5621 1542 5680 colomba
1557 5618 1761 5678 similitudinem
1775 5628 1839 5690 pto·
