4017 6192
188 390 241 449 {59
419 386 449 442 S.
462 384 564 442 estut
583 381 726 440 baututtt
743 382 820 441 ΟΡΡ.
834 382 954 443 ΤΟΜΰὸ
972 385 1038 445 SEU
1057 385 1147 445 etus
1164 384 1207 443 tlt.
1222 386 1449 447 -OPUSCULA
1465 388 1581 447 tebth.
1771 395 1823 453 tiu

187 517 263 577 prm,
277 517 303 558 c.
327 500 355 555 l.
369 500 403 555 Et
413 497 529 555 fortasse
550 497 602 553 boc
627 497 715 577 ipsum
739 494 835 552 Patres
857 512 978 567 sensere,
991 505 1017 563 Α
1030 499 1066 556 ad
1076 499 1224 556 Ecclesiam
1234 499 1397 557 catholicam
1406 500 1552 558 redeuntes
1562 502 1717 575 baptizandi
1730 520 1822 569 erant.

84 615 89 624 .
187 573 317 647 quoniam
333 585 367 625 es
391 583 486 624 eorum
511 566 603 623 serbis
619 564 687 620 nihil
702 563 818 687 amplius
832 565 978 638 colligitur,
1031 568 1090 625 lion
1105 577 1194 624 tamen
1210 568 1374 640 generaliter
1385 570 1549 631 eorumdum
1563 582 1606 628 est
1620 573 1774 644 baptizatos
1787 579 1825 635 ab

187 657 269 715 quam
283 640 355 709 qnod
375 638 434 693 Heli
448 637 483 691 ob
500 652 553 691 non
574 637 713 706 increpata
728 633 745 688 tt
758 650 845 691 torum
865 634 978 708 tlagitia,
1031 636 1169 707 hereticis
1192 639 1399 710 rebaptizandos
1412 653 1481 706 esse,
1496 649 1527 695 ut
1547 642 1752 701 Donatistarum
1767 647 1824 703 hee-

188 727 221 771 eo
238 709 333 766 mortis
346 722 445 778 genere
461 707 553 776 periit.
1032 709 1111 774 resis,
1132 718 1321 777 contraquam
1338 718 1448 771 sauctus
1462 711 1630 778 Augustinus
1652 723 1761 771 strenue
1775 717 1825 772 dc·

226 777 495 834 ebnimadrertimus
514 791 529 829 a
550 773 742 839 paulianistis,
765 773 880 845 aliisque
895 776 981 831 haere·
1031 778 1158 843 certarit,
1170 777 1253 847 impie
1261 776 1420 843 allinorabat.
1431 778 1518 834 Porro
1548 794 1611 836 nant
1623 797 1686 847 vera
1698 785 1823 842 doctrina

188 850 251 907 tlcis
275 847 406 917 Spiritum
429 853 553 901 sanctum
567 861 621 900 non
643 843 804 900 habentibus
830 845 980 921 baptizatos
1034 846 1070 902 sit
1080 848 1114 903 ab
1127 847 1262 903 hereticis
1273 849 1355 903 etiam
1370 848 1524 918 baptizatos
1537 867 1564 906 tu
1579 850 1666 906 iorma
1684 852 1823 923 Ecclesiae,

187 917 320 988 baptizari
343 914 538 988 regulariter.»
558 914 635 983 Quod
658 914 755 969 asserit
780 912 861 1036 146
881 915 979 973 hocin
1033 931 1087 971 non
1115 930 1175 977 esse
1202 916 1430 986 rebaptizandos,
1462 918 1602 976 evidenter
1634 921 1824 983 demonstrant

188 988 248 1044 ioco
272 996 384 1043 sauctus
413 987 519 1048 doctor,
545 986 698 1055 baptizatos
721 998 735 1038 a
753 981 809 1038 Pau
822 985 928 1040 rantistis
953 995 983 1047 ct
1034 985 1188 1043 scholastici
1203 987 1259 1040 inl
1278 995 1349 1045 seut.
1363 986 1427 1055 dist.
1440 987 1478 1054 l,
1514 998 1591 1045 uest.
1614 992 1700 1057 unic,
1715 1001 1743 1048 et
1758 1007 1823 1048 san·

187 1057 253 1113 (lata
274 1055 544 1134 hrygibnsiquorum
570 1054 672 1109 mentio
690 1055 720 1108 tit
742 1053 768 1107 in
789 1054 859 1136 ⁰2⁸}
878 1056 980 1183 §uisi²
1033 1004 1823 1180 ctus‘ihomparum,quest.6},art.9,atqueetiant
1867 1133 1869 1137 7

208 1073 272 1196 ,ις
284 1141 306 1181 st
322 1126 356 1180 ad
373 1125 520 1179 Ecclesiam
535 1124 688 1191 rediissent,
704 1138 738 1178 ex
753 1123 859 1179 conctlh
904 1141 981 1183 tcaeru
1034 1124 1062 1179 in
1080 1140 1141 1195 eap.
1167 1125 1201 1181 de
1241 1141 1345 1191 rursus,
1364 1141 1424 1197 cap.
1447 1128 1624 1200 dlruthun,
1642 1129 1680 1186 lie
1698 1145 1822 1189 consecr.

188 1144 298 1251 acerem
324 1209 417 1250 serum
441 1202 503 1253 est.
522 1193 650 1262 quoniam
666 1207 754 1261 neque
768 1190 907 1249 Christum
921 1209 981 1250 cre·
1034 1194 1098 1252 dist.
1114 1196 1141 1260 l,
1156 1210 1238 1264 qnam
1258 1197 1421 1252 seutentiam
1435 1198 1600 1254 cardinalem
1622 1209 1746 1263 nostrum
1764 1217 1824 1257 am·

187 1265 289 1321 debant
298 1279 358 1321 esse
371 1263 519 1327 homiuem,
531 1278 619 1332 neqite
629 1262 761 1332 Spiritum
772 1272 897 1318 sanctum
911 1278 978 1319 oon·
1033 1264 1172 1332 plexutum
1194 1277 1301 1335 quoqne
1315 1263 1410 1327 inisse.
1422 1281 1455 1321 ex
1468 1266 1527 1338 ejus
1538 1269 1628 1325 verbis
1640 1269 1823 1327 certissimum

188 1333 349 1399 bubaston
375 1347 407 1388 ac
431 1332 545 1401 proinde
569 1346 749 1388 cumeorum
774 1330 924 1402 baptismus
947 1334 975 1388 in
1034 1335 1169 1389 redditur.
1518 1368 1520 1375 ι

187 1404 297 1460 nomine
311 1410 413 1461 sancte
440 1400 581 1459 Trinitatis
605 1416 659 1458 non
679 1400 862 1469 conferretur,
878 1402 976 1459 merito
1198 1400 1247 1462 ,Sit
1262 1417 1355 1459 uomeu
1370 1404 1477 1460 domiui
1490 1406 1663 1469 retutelam.

193 1610 388 1639 pun—-u-

477 1768 655 1843 ιιι-ιι*
695 1786 1120 1906 onusounnu
1164 1787 1543 1960 suenruuu
1597 1921 1613 1933 ,J

404 2025 547 2094 tribuit
569 2024 966 2101 Gottottttfflutttts,
988 2025 1048 2087 AD
1070 2023 1260 2089 LEONEM
1281 2028 1333 2090 tx
1353 2029 1462 2096 ROM.
1485 2034 1614 2099 Potin.

895 2223 1097 2237 m

186 2366 385 2425 hnsnussrutt.
402 2399 436 2408 -
450 2366 601 2423 liehmdmn
616 2376 643 2427 et
659 2366 819 2425 detestabile
839 2367 961 2432 crimen,
985 2365 1013 2422 in
1033 2368 1105 2438 quod
1122 2369 1178 2423 Deo
1200 2369 1280 2425 tlicati
1295 2370 1337 2425 sui
1353 2370 1484 2495 [wlff-'⁸
1496 2372 1716 2442 prolabebantur,
1731 2378 1825 2448 deplo-

1448 2482 1456 2515 i

225 2449 283 2503 rat;
307 2453 409 2506 eosque
427 2448 521 2507 utpote
536 2438 660 2509 indignos
681 2455 696 2492 a
722 2438 808 2493 saeris
833 2437 976 2491 ordinibus
1004 2439 1183 2493 resinoscndos
1215 2454 1276 2495 esse
1304 2450 1400 2497 conten

224 2507 378 2562 homanum
392 2507 529 2579 implorat,
545 2519 573 2564 ut
590 2518 643 2562 tarn
659 2508 730 2564 loede
744 2516 888 2578 peccantes
900 2520 949 2561 sua
960 2507 1124 2562 auctoritate
1138 2518 1275 2564 coercent.

1480 2441 1651 2515 Leonunque
1670 2448 1824 2518 pontiilcem

401 2680 525 2741 brouls
543 2681 578 2739 ll
597 2678 780 2747 Entstotn,
991 2676 1114 2749 sigitur
1128 2695 1162 2736 ue
1182 2695 1302 2739 ooenmae
1316 2684 1437 2742 libidinis
1457 2687 1586 2757 inpunita
1607 2687 1714 2745 lieerttia
1729 2705 1825 2760 perra.

277 2775 337 2843 Quo
358 2776 499 2829 hicsoucti
519 2774 567 2828 riri
582 2772 685 2827 tihellus
707 2773 888 2841 respuuntur.
1033 2777 1127 2837 geter,
1152 2784 1262 2828 uecesw
1284 2781 1326 2829 est
1351 2775 1506 2845 spostolicae
1529 2778 1681 2833 seueritatis
1704 2794 1824 2852 congrua

223 2863 279 2923 luo
293 2866 454 2936 episcopus,
474 2879 570 2919 servus
588 2878 728 2923 seruorum
748 2862 811 2926 liei,
831 2860 931 2917 dilecto
951 2861 979 2917 in
1031 2859 1242 2927 reprehensione
1269 2861 1407 2919 refellatur
1419 2905 1428 2931 ,
1442 2875 1470 2921 et
1493 2873 1583 2923 tamen
1606 2866 1716 2940 aliquod
1736 2880 1825 2928 teuta-

188 2954 458 3015 Curbuuuommo
469 2955 601 3022 eremitae,
613 2962 721 3010 atcrrrao
730 2951 904 3009 beatitudiuis
915 2967 981 3024 gau·
1032 2957 1153 3007 mentum
1167 2949 1198 3005 in
1208 2952 1369 3023 austeritate
1382 2963 1508 3024 ponatur.

187 3045 271 3100 distin.
1067 3039 1138 3096 Ecce
1151 3055 1245 3096 omnes
1258 3042 1308 3112 illi,
1323 3044 1368 3113 qui
1384 3045 1480 3115 quasis
1495 3056 1610 3116 quatuor
1623 3062 1826 3120 generumque

223 3134 263 3189 tn
279 3134 448 3205 splendidum
458 3135 570 3192 nitentis
587 3135 724 3207 pudicitie
738 3143 843 3199 torum,
862 3132 901 3189 nti
915 3134 981 3191 cha·
1031 3132 1103 3188 dicta
1118 3142 1193 3198 sunt,
1208 3132 1333 3191 ioeditate
1347 3136 1515 3207 polluuntur,
1530 3149 1674 3211 prospecta
1690 3140 1827 3211 aequitatis

187 3225 316 3293 tissime,
350 3225 395 3296 pio
421 3227 571 3293 eertuninc
597 3226 775 3283 intentionem
804 3234 856 3280 tute
881 3226 981 3282 mentis
1031 3236 1158 3289 censura,
1172 3223 1206 3278 ab
1220 3225 1346 3280 omnibus
1356 3224 1537 3283 immaculate
1548 3227 1676 3285 Ecclesiae
1685 3228 1824 3297 gradibus,

187 3318 354 3385 peruenisse,
370 3318 487 3384 libellus,
498 3334 579 3389 quem
590 3326 687 3375 eontra
701 3318 906 3388 quadrimodam
922 3332 982 3374 car·
1033 3320 1088 3368 tam
1101 3328 1241 3371 sacrorum
1254 3329 1388 3374 canonum
1410 3332 1493 3387 qnam
1508 3326 1602 3374 nostro
1620 3318 1722 3388 iudicio
1736 3317 1827 3388 depel-

186 3409 257 3463 unlis
269 3410 440 3482 contagionis
452 3409 637 3481 pollutionem,
651 3409 766 3467 honesto
779 3410 887 3481 qrridem
898 3410 979 3482 stylo,
1032 3404 1135 3460 ldnldr·
1150 3404 1203 3461 Sed
1221 3421 1271 3462 ¹10⁸
1283 3406 1428 3464 humtdlut
1441 3418 1562 3481 eueniet,
1574 3410 1692 3480 eosqui
1709 3410 1751 3465 vel
1763 3424 1827 3481 Ρῐθ·

185 3500 233 3551 sod
251 3498 397 3557 honestiori
416 3500 521 3556 ratione
533 3500 653 3567 edidisti,
668 3501 821 3577 manifestis
833 3500 980 3558 documen·
1031 3497 1099 3567 priis
1113 3495 1250 3563 manibus,
1271 3497 1314 3553 uel
1331 3499 1446 3555 inuicem
1461 3499 1531 3555 inter
1545 3515 1575 3555 se
1593 3508 1707 3571 egerunt
1721 3513 1825 3567 semen,

185 3588 223 3643 tis
234 3589 415 3645 commendat.
423 3589 560 3660 subegisti
570 3591 704 3661 siquidem
712 3592 804 3649 caruis
815 3592 979 3658 barbariem,
1033 3587 1075 3644 vei
1088 3589 1169 3644 etiam
1182 3589 1228 3659 qui
1239 3589 1311 3645 inter
1321 3588 1424 3646 femora
1438 3591 1627 3662 profuderunt,
1638 3600 1667 3648 et
1677 3607 1731 3648 non
1745 3591 1827 3662 longo

185 3681 233 3749 qu
248 3681 288 3736 ue
301 3682 412 3738 erexisti
426 3681 568 3741 brachtum
588 3684 698 3755 spineus
710 3687 840 3745 adversus
862 3687 982 3744 ttbtttnts
1011 3694 1093 3745 ,usu
1107 3694 1156 3734 nec
1170 3694 1232 3736 cun
1243 3680 1378 3751 prossus,
1393 3680 1417 3736 st
1434 3680 1600 3752 voluptatem
1616 3680 1826 3746 econamum,

185 3769 406 3826 oliseoenitatero.
421 3768 593 3828 Essecrabile
608 3773 717 3841 quidem
730 3775 837 3843 uitium,
848 3775 982 3848 longeque
1032 3776 1061 3825 θῑ
1072 3770 1152 3841 dliii
1164 3769 1330 3840 ΙιθὶῐιῑῑιιιῗῑῐΙε
1345 3769 1476 3841 Ιπῦῑιῐθι3
1489 3771 1634 3827 θῡιῐιῐΰῑὸᾶι
1646 3770 1764 3838 luerim»
1778 3771 1827 3826 ιιι·

184 3872 334 3928 sugeegans
345 3858 380 3917 ab
389 3868 502 3923 sueque
512 3860 654 3926 virtutum,
670 3862 790 3931 quicum
805 3864 840 3920 sit
851 3865 978 3930 mundus,
1033 3860 1103 3915 mitti
1115 3860 1149 3915 ad
1160 3862 1268 3917 eosdem
1282 3861 1393 3933 gradus,
1405 3862 1433 3918 in
1447 3863 1546 3932 quibus
1556 3864 1583 3918 in
1599 3863 1705 3921 scelere
1714 3878 1827 3923 manca·

188 3945 257 4000 nibil
270 3947 391 4003 admittit
411 3947 594 4019 immundum
620 3964 670 4006 nee
693 3951 729 4007 de
747 3961 822 4007 sorte
842 3951 902 4023 eins
919 3968 980 4009 esse
1033 3942 1094 4014 tes'.
1109 3967 1162 4007 non
1181 3959 1373 4024 pemanentes
1392 3951 1518 4020 inerant,
1535 3953 1633 4010 divine
1656 3955 1824 4014 miserationi

185 4037 303 4107 poterit,
325 4036 373 4107 qni
392 4037 512 4094 sordidis
536 4038 670 4097 illecebris
694 4040 854 4109 subiacebit.
880 4042 979 4100 Clerici
993 4011 1017 4077 c
1033 4042 1128 4098 conlisi
1141 4083 1149 4111 ‚
1160 4041 1285 4098 uolumus
1296 4050 1399 4113 ,atque
1410 4041 1493 4103 etiam
1504 4041 1647 4113 jubemus3
1662 4043 1752 4100 ablata
1765 4044 1827 4102 aliis

186 4142 266 4191 sero,
280 4129 314 4191 de
331 4143 447 4199 quornm
463 4128 519 4183 rita
534 4131 709 4201 spurcissima
727 4129 851 4187 debiliter
864 4132 981 4202 pariter·
1029 4148 1079 4205 spe
1094 4134 1311 4207 recuperationis
1334 4134 1377 4191 sui
1401 4134 1526 4203 ordinis,
1548 4135 1595 4207 qui
1617 4135 1660 4192 vel
1674 4151 1723 4206 per
1744 4136 1825 4208 louga

185 4230 239 4286 qne
253 4217 452 4273 rationabiliter
463 4226 509 4273 tua
523 4221 665 4288 prudentia
689 4221 851 4292 disputavit,
865 4236 940 4287 scre,
952 4231 980 4278 et
1029 4231 1151 4294 tempora
1174 4223 1359 4291 secum,sire
1373 4237 1437 4280 cttnt
1458 4224 1518 4281 aliis
1541 4224 1584 4281 sei
1604 4224 1824 4296 cumpluribus,

183 4306 298 4367 omniuo
310 4322 374 4362 rere
388 4309 422 4363 ad
438 4307 586 4383 luuicuhtm
601 4311 768 4387 hereditatis
782 4311 841 4381 eius
855 4328 908 4368 non
921 4328 980 4383 per·
1029 4314 1106 4369 brevi
1123 4313 1187 4370 licet
1208 4322 1329 4386 tempore
1341 4354 1350 4382 ,
1362 4314 1484 4385 quolibet
1503 4314 1618 4370 duorum
1633 4314 1764 4371 ioeditatis
1778 4326 1826 4387 ge·

183 4397 286 4461 sineret,
309 4396 342 4452 de
363 4412 418 4466 quo
438 4396 488 4468 ipsi
513 4397 682 4468 voluptuosis
703 4414 734 4455 se
755 4400 980 4460 obiectationibus
1029 4417 1106 4470 nere,
1120 4419 1181 4475 quas
1192 4405 1376 4476 descripseras
1390 4404 1516 4461 maculati
1529 4421 1537 4459 e
1551 4404 1690 4475 rei,quod
1704 4415 1746 4461 est
1759 4404 1827 4460 bor·
1877 4404 1881 4413 '

182 4484 424 4554 subrueremus
433 4485 455 4541 si
466 4485 564 4554 pudice
573 4496 812 4554 conversarentur,
824 4504 876 4546 non
891 4490 978 4547 solnm
1030 4494 1144 4555 rendum
1175 4494 1248 4549 diotu
1272 4502 1300 4557 ct
1323 4494 1438 4562 auditu,
1463 4496 1490 4550 iu
1509 4504 1584 4566 terga
1607 4494 1725 4566 prolapsi
1750 4504 1824 4553 sunt.

182 4573 316 4644 temptum
336 4573 382 4628 bei
406 4583 547 4641 sanctum,
572 4576 621 4632 sed
644 4576 732 4646 ipsum
754 4578 835 4634 etiarn
851 4589 977 4637 sanctua-
1028 4581 1215 4654 Cnntraquod
1239 4590 1362 4640 nostrum
1384 4584 1540 4655 apostolicae
1562 4583 1710 4640 sanctionis
1730 4584 1843 4641 decre-⁴

184 4664 257 4719 nium
280 4662 455 4719 dicerentur:
469 4663 503 4719 in
519 4679 574 4735 quo
587 4665 667 4722 niueo
683 4666 801 4724 caudore
815 4671 978 4742 conspicuus
1029 4680 1096 4735 tum,
1123 4671 1148 4726 si
1170 4671 1232 4741 quis
1252 4685 1335 4727 ausus
1351 4671 1433 4727 luerit
1446 4671 1488 4726 nei
1500 4671 1624 4742 judicare
1644 4670 1687 4726 sel
1712 4670 1826 4737 latrare,

186 4751 232 4813 ille
249 4753 296 4809 Dei
320 4752 413 4824 dgnus
436 4753 612 4821 immolatur,
632 4770 775 4833 perquem
799 4757 872 4814 ioeda
895 4760 978 4821 totius
1029 4758 1134 4815 ordinis
1146 4758 1188 4814 sui
1206 4774 1237 4816 se
1252 4759 1361 4815 noterit
1376 4758 1497 4830 periculo
1511 4773 1600 4829 agere.
1616 4757 1667 4826 Qui
1681 4757 1753 4814 enlm
1769 4770 1824 4813 non

65 4914 72 4929 ι
184 4841 262 4899 erbis
283 4841 341 4898 laes
363 4842 480 4900 lavatur.
502 4841 726 4901 Talesaimirum
740 4846 834 4903 cleriei
849 4848 901 4903 etsi
923 4862 976 4904 non
1029 4852 1125 4923 pungit
1137 4850 1306 4916 ritiuur,sed
1320 4849 1423 4921 palpat,
1440 4850 1604 4919 comeoqni
1620 4849 1687 4905 sitio
1696 4851 1823 4915 moritur,

184 4932 331 4987 uerborum
347 4972 355 4998 ,
378 4941 468 4989 umen
491 4948 604 5004 nurerum
626 4936 780 4993 testimonio
803 4937 976 5008 probteutur,
1032 4943 1091 5013 ipse
1103 4956 1210 5012 quoqne
1225 4941 1320 4996 mortis
1334 4954 1396 4996 reus
1408 4937 1663 5006 meritoindicatur.
1677 4937 1742 5004 uod,
1756 4935 1823 4994 otti

122 5078 127 5087 ,
181 5021 250 5093 qula
265 5037 318 5079 non
333 5026 549 5109 existuntqqnod
572 5036 726 5083 censemur.
740 5027 799 5096 Quo
810 5030 882 5085 euim
896 5030 977 5086 modo
1028 5032 1199 5099 charissime,
1224 5030 1443 5087 inenarrabiliter
1465 5029 1585 5101 gaudeo,
1608 5028 1672 5099 qnia
1698 5027 1824 5099 exemplo

180 5112 495 5183 cerbuspessrtesse,
517 5116 559 5172 rei
574 5117 727 5183 nominari,
747 5118 793 5190 qui
808 5120 918 5189 proprio
933 5135 978 5174 ar·
1028 5133 1081 5180 tue
1096 5123 1313 5181 conuersationis
1326 5121 1448 5188 bistrnis,
1460 5119 1591 5190 quidquid
1605 5121 1724 5176 oratoria
1735 5119 1819 5177 lacus
1926 5144 1928 5147 ·

182 5202 269 5257 bitrio
290 5218 343 5260 nou
369 5204 465 5260 metuit
477 5219 508 5261 se
530 5205 691 5276 inquinaret
704 5207 742 5264 iic
761 5208 896 5277 uitalibus.
911 5209 980 5282 qula
1028 5210 1822 5283 tatedoeoisti.Piusesteniraoporeducere,quamroce.

182 5304 282 5351 sancto
295 5296 387 5354 lurore
406 5306 563 5368 permotus,
582 5312 643 5369 quae
665 5298 714 5355 tibi
729 5298 891 5356 ridebantur
909 5300 976 5357 scri·
1028 5304 1198 5376 Quapropter
1210 5312 1321 5358 auctore
1335 5302 1392 5357 ileo
1412 5300 1530 5372 palmam
1542 5298 1680 5355 obtinebis
1692 5297 1822 5364 uictoria,

182 5401 297 5456 pserss3
311 5397 428 5461 oportet,
435 5389 506 5445 sicut
519 5389 668 5458 desideras,
675 5388 848 5460 apostolicam
855 5400 974 5446 nostram
990 5350 1131 5469 netrum
1145 5393 1200 5449 beo
1212 5434 1220 5461 ,
1233 5401 1264 5449 et
1286 5391 1404 5464 Virginis
1426 5389 1513 5455 l'ilio,
1529 5388 1664 5444 laetaberis
1678 5388 1704 5441 in
1718 5384 1824 5445 emirati

184 5474 390 5544 interponamus
413 5478 614 5545 auctoritatem,
641 5489 773 5550 melenus
789 5479 974 5549 scrupulosam
1029 5484 1168 5541 mundone
1179 5492 1217 5539 tot
1228 5483 1398 5540 mercedibus
1406 5480 1571 5548 nummatus,
1585 5486 1652 5551 quot
1661 5478 1761 5548 ereptis
1773 5491 1824 5547 per

184 5562 339 5636 legerttibus
352 5567 506 5625 auferamus
526 5568 707 5635 dubietatem
721 5577 751 5624 et
770 5576 877 5624 constet
889 5569 976 5625 omni·
1030 5581 1056 5627 te
1076 5586 1092 5626 a
1115 5570 1213 5627 diaboh
1228 5570 1331 5642 laqueis
1352 5570 1437 5628 tueris
1453 5570 1624 5638 constipatus
1641 5575 1671 5625 et
1689 5567 1826 5638 quodum,

185 5649 238 5707 bus
251 5664 355 5710 certum
373 5656 577 5727 nostrojndicio
588 5657 720 5728 placuisse
733 5674 899 5729 quaeeunque
912 5674 978 5716 cou-
1029 5666 1109 5722 modo
1130 5671 1285 5723 coronatus.

186 5746 257 5803 tinet
270 5745 327 5815 ipse
339 5746 444 5805 libellus
454 5748 587 5805 diabolico
597 5749 651 5819 igni
663 5748 734 5805 reiut
744 5765 813 5821 aqua
825 5752 973 5826 oppositus
