4017 6192
214 286 269 348 tut
447 284 476 343 S.
493 281 596 341 nsunt
615 276 757 339 DAMlle
775 276 985 338 onerosius
1004 276 1070 335 SEU
1088 272 1179 333 Pttts
1197 272 1480 333 itt-oillsctitn
1501 271 1606 329 initia
1667 322 1671 335 ,
1796 270 1848 327 tsi

212 402 341 457 onurnnr
356 414 363 451 z
379 403 409 451 nt
423 408 458 450 ex
479 404 641 463 unocunque
655 402 749 445 comm
772 387 834 459 qtris
848 384 1005 458 postlicnnn
1020 393 1044 450 Α
1057 386 1184 443 cientibus
1207 385 1305 440 lnicnri
1327 385 1464 440 detractos
1487 383 1566 455 172
1590 385 1617 438 in
1638 391 1771 438 tatarum
1794 392 1849 438 tra·

210 480 373 560 botryonem
388 492 492 553 carpat,
508 481 632 551 protinus
651 488 757 534 veneno
772 476 887 533 inlectus
901 473 1004 530 indiffe-
1056 476 1124 532 tlidit
1136 477 1308 542 cmclandos,
1326 475 1354 530 in
1371 472 1502 547 iudicium
1515 473 1660 529 reservari.
1676 472 1710 527 Et
1722 473 1850 530 civitates

184 564 306 651 {uenter
329 577 455 632 intereat.
480 568 521 628 lix
543 564 715 626 visetenim
739 569 918 633 Sodomorum
941 568 1005 624 ritis
1056 564 1235 620 §orimnorum
1248 571 1277 619 et
1296 562 1707 619 Gomorrirmornnrineincrem
1723 562 1849 634 redigens

212 685 328 734 conum,
350 672 378 724 ei
401 678 521 738 propago
534 672 629 720 eornm
655 672 689 718 ex
713 652 866 717 Gomorrha
888 676 895 714 :
920 672 929 710 t
948 650 1004 714 lira
1056 652 1132 727 (Gen.
1148 654 1217 724 stt),
1231 653 1373 710 eversione
1387 651 1538 716 damnavit,
1553 650 1678 722 exemplo
1690 666 1786 707 eorum
1800 653 1848 723 qni

211 777 329 825 comm,
355 772 406 811 uva
435 754 524 821 loliis,
550 761 578 808 et
602 751 699 809 botrus
725 746 914 805 amarimdtnls
937 746 1005 818 ipsis
1055 745 1138 817 impie
1152 744 1239 800 acturi
1252 754 1315 800 sunt
1324 731 1368 814 (ti
1382 734 1456 797 Petr.
1466 740 1609 815 n).r,Qnid
1618 750 1661 797 est
1671 742 1742 812 quoti
1753 742 1849 797 beatrn

180 838 183 842 ’
211 850 303 924 (Dent.
311 847 408 918 xxxii).
421 847 559 917 »Serpens
566 842 793 914 submonemus
800 850 900 897 nostrae
913 838 1005 912 dispu-
1055 835 1193 906 apostotus
1209 840 1355 906 postoima
1372 832 1516 890 dioboiiose
1530 826 1713 889 damnationis
1724 834 1850 904 montpi-

212 938 323 997 tntionis
336 938 402 996 sude
425 937 552 1008 lrnngete
572 934 705 1001 nitimur,
729 928 891 1004 quadriceps
905 934 962 993 est,
977 938 1006 985 st
1055 926 1122 983 tium
1137 926 1238 992 retulit,
1249 925 1283 981 ad
1294 925 1474 981 Sodomorum
1489 936 1606 994 quoqne,
1622 933 1650 979 et
1660 922 1850 980 Gomorriraeo·

210 1028 597 1102 cujuscunquecapitisdente
607 1022 763 1089 momordit,
777 1030 862 1077 totum
872 1032 1005 1076 morsum
1055 1024 1116 1074 ium
1139 1026 1169 1073 ae
1189 1023 1253 1073 mot
1268 1017 1402 1074 eontertlt
1425 1014 1578 1082 excidism3
1594 1002 1647 1071 nisi
1669 1021 1699 1069 ut
1722 1024 1850 1087 ptenter

193 1120 339 1192 nequitis
352 1110 428 1176 'tirus
441 1116 549 1174 inludit.
1054 1111 1230 1177 ostenderet,
1254 1108 1317 1182 onis
1332 1110 1379 1180 qni
1403 1122 1477 1166 nnnc
1496 1115 1560 1165 sunl
1583 1104 1761 1163 immunditie
1781 1109 1849 1164 sitio

249 1209 312 1265 Sine
337 1224 402 1279 ergo
422 1206 598 1275 sernetipsnm
614 1205 677 1275 quis
695 1201 813 1272 polluat,
837 1200 897 1257 site
920 1200 1004 1256 aliurn
1053 1199 1160 1267 traditi,
1171 1198 1253 1256 simui
1262 1198 1345 1255 etiam
1359 1206 1421 1255 enm
1435 1192 1581 1255 immundis
1593 1199 1736 1270 spiritibus
1744 1207 1849 1255 aeterrra

210 1313 374 1372 quocunqne
388 1297 469 1353 modo
480 1336 489 1363 ,
500 1296 565 1350 iicet
580 1295 744 1350 discretione
758 1300 886 1358 serrata,
908 1289 1004 1362 procul
1054 1294 1119 1345 sunt
1130 1280 1234 1345 uitione
1248 1286 1415 1345 damnandil
1433 1286 1468 1346 ln
1487 1300 1555 1362 quos
1568 1299 1641 1345 nune
1655 1291 1737 1346 artior
1758 1288 1848 1347 Sodo-
1896 1322 1904 1365 .·

209 1389 295 1447 dubio
309 1398 401 1444 tamon
423 1382 621 1444 §odontitienm
637 1383 728 1445 sconis
743 1390 917 1454 perpetrasse
938 1392 1002 1437 eoo·
1055 1374 1156 1437 initlca
1169 1374 1293 1438 libidinis
1307 1390 1404 1449 rotat,
1422 1383 1598 1454 postmodum
1613 1380 1695 1436 utinm
1711 1396 1774 1438 curn
1788 1381 1849 1452 ipso

210 1481 339 1536 uincitur.
358 1477 538 1548 nequeenim
553 1474 667 1548 iegitur,
685 1475 757 1544 qood
772 1472 810 1529 iili
824 1466 1004 1529 Sodomorum
1053 1473 1139 1530 tullus
1160 1470 1314 1543 iniqnitatis
1337 1479 1450 1531 anctore
1463 1468 1571 1531 bomine
1585 1478 1723 1545 perpelnre
1736 1475 1849 1529 cominu-

210 1569 308 1625 incolae
322 1565 492 1625 solummodo
510 1567 579 1622 'alios
598 1571 787 1621 consummato
798 1573 860 1621 actu
876 1572 1006 1635 merope·
1054 1556 1152 1618 silonis
1165 1563 1280 1618 esnrntl
1291 1556 1340 1618 Cui
1351 1562 1494 1618 sementim
1509 1562 1591 1619 etlam
1606 1561 1689 1619 ludas
1709 1562 1848 1635 spostolus

211 1658 280 1727 rint,
296 1659 343 1715 sed
354 1654 445 1730 potius
458 1657 623 1715 credendum
638 1666 681 1713 est
692 1658 764 1728 quod
775 1657 854 1728 juxta
866 1652 1004 1714 emenus
1056 1652 1196 1728 aptissime
1207 1655 1343 1721 concinit,
1360 1655 1455 1712 dicens
1471 1674 1478 1711 ε
1496 1676 1506 1708 r
1529 1648 1664 1727 Angelos,
1684 1655 1788 1727 inqtdt,
1799 1656 1846 1726 qni

212 1748 334 1805 libidinis
347 1751 494 1821 impetum,
511 1746 627 1804 discisis
651 1746 738 1803 ntodis
752 1746 808 1803 sint
819 1742 847 1802 in
861 1756 905 1811 se,
920 1746 965 1804 rel
977 1747 1005 1803 in
1020 1742 1044 1803 tt
1057 1754 1111 1799 non
1130 1740 1353 1805 ,observaverunt
1367 1752 1445 1800 suurn
1461 1736 1664 1815 principatum,
1686 1744 1732 1800 sed
1749 1743 1847 1804 dercli-

210 1840 279 1899 aiios
291 1836 485 1913 turpitudinem
498 1840 613 1913 operati.
625 1838 709 1896 nane
722 1840 745 1897 sl
760 1836 918 1910 quistenim
929 1839 1005 1894 loeus
1055 1842 1172 1906 querunt
1184 1842 1265 1890 souin
1278 1834 1458 1901 domicilium,
1472 1832 1499 1889 ln
1511 1833 1644 1905 iudicium
1667 1838 1758 1909 magni
1776 1838 1846 1904 diei,

210 1933 240 1989 in
264 1931 345 2003 tnrjus
358 1928 415 1988 rim
431 1931 509 1988 ruina
530 1929 709 2002 preberetur,
723 1924 766 1986 dui
780 1929 941 2001 propensius
958 1942 1003 1985 re·
1050 1922 1171 1979 'vinculis
1180 1922 1290 1979 menne
1303 1921 1353 1977 snb
1365 1912 1481 1995 ealigine
1495 1922 1634 1981 teitatlt':
1649 1927 1719 1981 sicut
1729 1925 1846 1983 Sodoma

210 2022 306 2078 missio
325 2016 487 2094 indulgenda
509 2024 694 2091 competeret,
718 2026 800 2089 prtum
821 2010 858 2073 ilii
878 2017 1005 2074 videlicet
1054 2021 1082 2070 et
1096 2006 1246 2071 Gomorrbu
1259 2055 1267 2081 ,
1282 2020 1311 2070 et
1323 2013 1446 2071 linitimm
1461 2015 1585 2073 civitates
1598 2016 1679 2073 simili
1703 2018 1785 2074 modo
1799 2034 1848 2073 cx-

159 2100 161 2103 *
209 2114 348 2178 eremilnu,
369 2112 415 2183 qni
430 2102 574 2166 nesciendo
586 2108 731 2179 peccabit?
745 2108 791 2179 qttl
810 2114 859 2178 pet
871 2101 1003 2178 'simplici-
1054 2104 1206 2173 l'ulniean'e,
1218 2111 1249 2163 ci
1271 2106 1401 2164 abeuntes
1413 2112 1473 2179 post
1488 2125 1598 2165 carnem
1621 2110 1752 2179 aiteram,
1766 2112 1847 2168 lacta

211 2203 275 2258 lutis
297 2203 460 2274 imperitiam
475 2198 594 2257 cecidit?
610 2199 656 2270 qul
676 2192 727 2254 sibi
747 2199 798 2253 boc
813 2197 915 2265 liteie,
931 2192 1005 2252 tellit
1054 2207 1119 2255 snut
1139 2199 1313 2269 exemplum,
1338 2196 1408 2270 ignis
1430 2203 1526 2257 solenni
1550 2218 1658 2273 poenam
1678 2204 1847 2261 sustinentes

211 2292 345 2349 staturalis
355 2294 436 2349 ollicli
450 2292 582 2360 debitum,
598 2284 886 2348 aestimanttttisesnt
899 2282 1003 2357 minu,
1055 2292 1304 2362 liad.t,b,ltl’oiei
1320 2301 1404 2371 eigo,
1418 2288 1481 2365 nnio
1495 2295 1566 2349 sicut
1588 2295 1675 2366 angeli
1696 2310 1774 2351 sunni
1791 2312 1846 2351 non

201 2382 316 2440 ‘alitesnt
332 2395 389 2440 sen
405 2392 460 2438 lam
475 2381 643 2440 detestabilis
654 2374 711 2437 tini
722 2386 800 2454 peste
809 2388 1003 2452 sompeseeie,
1053 2378 1229 2441 observantes
1239 2378 1431 2455 principatum,
1445 2386 1573 2441 int-tarem
1587 2385 1711 2457 caliginis
1721 2382 1847 2442 mernere

210 2474 408 2531 lenocinantem
430 2473 548 2531 libidinis
561 2468 700 2530 inscitiam
722 2468 838 2528 viriiiter
854 2473 1003 2539 edomare,
1053 2472 1229 2545 supplicium:
1246 2476 1282 2531 il'a
1296 2476 1342 2546 put
1357 2482 1371 2531 ‘a
1387 2476 1456 2533 sacri
1468 2478 1575 2533 ordinis
1587 2475 1727 2550 dignitate,
1744 2479 1771 2534 in
1784 2494 1846 2534 ear·-

209 2564 358 2636 petulantla
371 2565 462 2621 carnis
473 2564 607 2620 nicentius
623 2563 785 2633 reprimere,
800 2561 922 2619 terribile
933 2563 1002 2619 diri·
1054 2560 1123 2618 nalis
1137 2562 1196 2619 vitii
1213 2565 1369 2636 voraginem
1379 2572 1522 2631 corruunt,
1541 2562 1567 2622 in
1579 2578 1715 2638 perpetum
1731 2570 1845 2625 damna·

210 2661 253 2709 nm
266 2650 442 2710 districtionis
452 2646 585 2721 indicium
609 2650 764 2707 medullitus
783 2644 951 2719 lormidare3
967 2653 1002 2707 ad
1054 2650 1135 2708 tionis
1149 2648 1308 2709 barutinurn
1323 2654 1421 2711 merito
1432 2648 1618 2713 nrotvunur.

210 2743 371 2799 memor-mm
387 2756 496 2814 semper
506 2750 667 2798 revocantes
679 2741 752 2797 iliam
762 2742 918 2814 'apostolice
929 2754 1001 2800 cour-
1089 2736 1131 2808 iit,
1151 2746 1313 2802 utbreviter
1334 2754 1430 2803 eurrcta
1445 2749 1624 2815 concludam,
1640 2746 1764 2821 quisquis
1776 2766 1844 2821 qtto·
1955 2770 1960 2779 ·

210 2834 368 2890 urinarionis
382 2832 564 2898 sementiam,
578 2842 632 2903 ono
646 2833 767 2890 dicitur:
786 2844 796 2886 t
814 2824 949 2891 Terribile
961 2844 1004 2893 est
1053 2834 1118 2890 libet
1130 2850 1224 2893 eonnn
1236 2836 1325 2905 modo,
1340 2852 1408 2909 qnos
1421 2844 1501 2910 supra
1517 2838 1705 2908 distinximus,
1721 2841 1844 2900 suante

210 2919 332 2982 incidere
356 2923 383 2980 ln
405 2936 503 2978 manus
527 2922 573 2978 Ilei
590 2921 706 2979 nitentis
728 2919 828 2995 (litis.
843 2922 888 2996 x).
905 2936 916 2978 t
934 2922 1003 2982 lllnd
1053 2925 1227 2997 turpitudinis
1241 2934 1270 2983 se
1284 2928 1444 3000 contagione
1458 2929 1678 2997 loedaterit,nisi
1696 2930 1844 2993 i'ruetnosae

210 3016 294 3071 etiam
309 3013 483 3070 formidolose
495 3012 664 3078 recolentes,
684 3015 756 3085 quod
769 3016 899 3086 propbeta
915 3020 1002 3072 mina·
1052 3014 1217 3086 penitentie
1230 3014 1309 3074 inerit
1325 3018 1510 3076 sanislsctionc
1531 3032 1681 3093 purgatus,
1704 3039 1842 3094 nunqnam

210 3106 280 3163 eiter
291 3105 418 3171 intonat,
435 3106 550 3161 dicens:
576 3118 587 3158 t
605 3100 674 3174 nuta
694 3105 724 3161 ln
737 3105 800 3178 igne
820 3104 871 3162 rell
896 3107 1002 3164 liontini
1016 3086 1038 3150 C
1052 3098 1155 3160 babere
1165 3106 1212 3162 liei
1223 3096 1337 3178 prailsnr
1348 3109 1457 3178 poterit,
1470 3110 1717 3181 rntrtquamllnistl
1730 3127 1844 3183 corpore

210 3192 482 3253 devorabituronmis
494 3194 754 3270 terramtinpiadio
766 3195 825 3268 ejtrs
837 3199 925 3255 omnis
938 3210 1003 3257 erro
1052 3200 1080 3247 0¹
1100 3194 1231 3265 sangnine
1250 3196 1347 3267 dignus
1361 3196 1430 3262 elil,
1453 3206 1592 3268 nunqnam
1613 3199 1732 3257 coeleslis
1748 3201 1843 3272 patriar

209 3278 338 3357 (ment.
354 3280 1002 3362 r).rslcninrcamalesbominrsdirinogtrnlo
1050 3276 1134 3339 limen
1157 3283 1375 3357 intrabihtlnl
1390 3288 1528 3357 apostotus
1549 3287 1666 3347 loannes
1687 3290 1713 3345 in
1737 3294 1843 3361 spora-

210 3376 358 3433 derorandi
372 3385 450 3442 som,
462 3385 491 3433 nt
504 3374 568 3449 qnid
580 3392 652 3434 nunc
666 3378 754 3450 marn
765 3386 876 3436 earnem
889 3380 1001 3436 damitr-
1052 3368 1121 3443 lypsi
1134 3368 1278 3431 manliesto
1290 3372 1421 3443 declamat,
1437 3378 1483 3448 qui
1499 3378 1562 3434 ‹inm
1584 3381 1617 3435 tle
1630 3379 1748 3438 coelestis
1766 3384 1842 3454 regni

210 3464 301 3526 nrtttrr
319 3460 456 3541 urtrprutr
477 3472 508 3525 n
528 3466 595 3540 nutu
613 3468 904 3541 errntsrnrputnnr
923 3482 1003 3527 ere·
1051 3456 1136 3532 grona
1150 3460 1316 3534 munerun,
1328 3462 1444 3533 allidit
1459 3467 1573 3523 dicens:
1591 3485 1601 3519 r
1617 3466 1675 3524 Non
1690 3468 1802 3528 intntn
1814 3473 1843 3528 n

209 3558 281 3616 viret
299 3554 415 3616 pedum?
435 3556 483 3645 pte
500 3554 629 3616 „suppum
644 3569 686 3615 031
704 3554 829 3632 gimnus,
846 3570 928 3633 quem
946 3558 1000 3618 pp.
1052 3549 1125 3606 iliam
1137 3549 1237 3624 abnuis
1246 3552 1448 3627 coinquinatus,
1460 3566 1489 3614 et
1502 3551 1605 3616 isclcns
1615 3558 1842 3618 abominationem

210 3650 365 3724 tricorpor
386 3644 495 3723 boysen
515 3652 636 3708 intentat
655 3646 862 3722 percurrimus,
884 3652 999 3710 neers:
1047 3640 1144 3712 tito·
1161 3642 1259 3712 nrt>

213 3734 445 3798 rerumrerum
454 3736 544 3815 lilipur
555 3740 672 3813 gladium
681 3738 866 3815 menmliieot.
879 3744 998 3816 xstitit
1333 3730 1447 3793 CAPUT
1463 3729 1559 3796 Iliill.

198 3832 246 3890 tn
263 3835 384 3890 torum:
412 3850 424 3887 ι
445 3826 574 3899 utantur,
597 3832 706 3905 inqua,
727 3842 806 3890 risus
827 3832 1002 3891 rinmunt
1087 3818 1323 3896 &domitent
1335 3822 1363 3881 lt
1376 3826 1619 3898 nectendus,
1633 3839 1661 3885 n
1677 3840 1806 3902 retortu·

211 3936 310 3983 carues
322 3924 434 3999 (itinn
450 3936 460 3978 r
476 3925 503 3981 lu
515 3932 567 3990 est,
583 3923 660 3980 turm
670 3932 747 3982 mun
759 3925 889 3997 neptunu
899 3925 927 3981 tu
940 3938 1001 3982 car·
1087 3915 1224 3987 Exibitis
1239 3922 1373 3988 etsurpr,
1390 3928 1492 3990 urimo,
1503 3918 1702 3993 expergiscere,
1716 3936 1734 3978 o
1747 3923 1839 3990 homo,

87 4078 90 4093 ,
211 4018 255 4076 nis
269 4012 445 4076 delectatione
458 4016 588 4074 dientes.
610 4015 686 4073 Sicut
699 4018 771 4072 enim
785 4017 804 4072 ii
817 4056 825 4083 ,
838 4010 886 4087 pii
905 4017 1002 4072 adver·
1047 4007 1097 4077 nili
1115 4007 1223 4064 miserat
1237 4008 1384 4080 voluptatis
1392 4018 1492 4081 tepore
1512 4010 1688 4085 deprimeris;
1707 4015 1840 4072 reritlsce

210 4119 258 4163 ens
277 4107 405 4163 sincrum
418 4113 538 4161 nronstra
558 4102 725 4177 cortigiam,
747 4114 871 4175 nrpome
892 4105 1002 4161 urruns
1052 4098 1159 4154 tandem
1171 4131 1179 4165 r
1191 4098 1239 4170 nui
1252 4099 1344 4156 tonan
1363 4097 1454 4157 coram
1476 4100 1595 4160 immicis
1610 4104 1663 4160 tuis
1675 4102 1840 4177 piadiocor-

209 4194 312 4253 anxilio
323 4192 488 4262 lutulentum
504 4195 541 4250 ita
559 4208 575 4250 e
591 4196 698 4250 diuerso
717 4195 808 4250 esuris
821 4194 1000 4251 immunditiae
1047 4192 1140 4248 ruisti.
1158 4191 1243 4249 Adest
1257 4193 1398 4265 ‘apostolus
1420 4190 1535 4260 Paulum
1558 4190 1622 4253 andi
1642 4188 1717 4250 illurn
1737 4193 1841 4252 sociis·

209 4287 306 4354 dediti,
317 4285 366 4343 soli
380 4285 478 4341 dirime
487 4282 599 4340 ultionis
608 4273 711 4354 iudicio
725 4290 908 4341 reservamur.
922 4284 1000 4342 Unde
1050 4288 1168 4350 mntem,
1191 4284 1359 4355 pulsantem,
1370 4287 1589 4352 concutientem,
1602 4282 1737 4357 ebrioque
1757 4302 1840 4359 snper

206 4386 239 4434 et
256 4376 370 4432 Petntsi
388 4390 398 4427 r
414 4368 509 4439 Novit,
523 4373 627 4444 inquit,
640 4375 769 4431 dontinus
783 4372 841 4443 'pios
856 4375 892 4431 ds
910 4383 998 4431 tema-
1050 4380 1078 4429 te
1100 4370 1213 4431 coenus
1235 4371 1448 4432 lrnlamamem:
1471 4392 1481 4430 t
1508 4377 1646 4448 Exsurge,
1671 4376 1777 4446 inquit,
1790 4378 1838 4448 qni

190 4468 284 4523 ‘bone
296 4468 419 4537 eripere,
433 4465 539 4535 iniquos
559 4478 624 4522 tero
646 4460 731 4521 inille
748 4464 843 4536 judieii
857 4472 999 4522 reservate
1014 4432 1038 4498 ⁰
1051 4462 1170 4529 dormis,
1194 4474 1222 4519 et
1241 4476 1360 4538 ¹ersurpe
1383 4480 1399 4522 a
1420 4466 1552 4533 mortuis,
1568 4476 1596 4523 et
1615 4466 1791 4523 exsuscitabit
1812 4478 1839 4523 te

209 4557 373 4616 cruciandos
387 4574 395 4612 z
408 4556 497 4627 magis
509 4564 618 4623 amero,
633 4554 680 4627 sili
694 4562 755 4627 post
766 4564 876 4612 earnem
888 4556 918 4612 in
931 4572 997 4614 oon·
1044 4553 1175 4611 Christus
1185 4555 1297 4628 (Epiros.
1317 4556 1357 4631 ν).
1375 4556 1451 4627 toni
1464 4558 1603 4615 Christum
1614 4561 1838 4616 resuscitatorem
1889 4583 1892 4589 ¹

211 4636 892 4720 cupiscentiaimmurnlitittamttelsnt(ilPetr.n).
905 4645 998 4714 »Quos
1049 4646 1141 4711 antiis,
1161 4661 1213 4702 cur
1233 4647 1267 4705 de
1288 4656 1333 4704 tua
1354 4646 1562 4706 resuscitatione
1583 4646 1696 4707 dittnst
1710 4650 1780 4707 dadi
1803 4664 1837 4709 es

208 4744 291 4798 etlam
300 4740 524 4812 attenderemus,
533 4741 589 4796 ait:
602 4754 612 4791 t
624 4739 828 4806 Existimastes,
838 4739 997 4810 inquitdici
1047 4744 1097 4792 ote
1115 4736 1204 4807 ipsius
1217 4752 1253 4792 ir
1275 4736 1570 4810 pescenninum,
1593 4740 1621 4795 ln
1642 4752 1704 4803 tue,
1717 4741 1835 4795 enatosi

208 4833 321 4890 delicias
329 4829 995 4904 coinquinationes,etmaemsdciielisailiueutes,
1043 4832 1171 4883 morinus
1185 4826 1365 4896 insiluisset
1378 4829 1476 4900 iicon.
1498 4830 1549 4901 ar).
1567 4842 1578 4884 t
1593 4829 1622 4887 Si
1640 4830 1695 4884 rita
1713 4830 1835 4885 vivitica-

207 4922 341 4979 eonriviis
353 4920 410 4977 suis
420 4922 588 4977 luxuriantes
597 4922 626 4977 itt
635 4921 999 4988 rutinorumculostnnen-
1044 4916 1101 4973 lili
1130 4924 1157 4974 te
1181 4918 1423 4990 cumbermere,
1450 4927 1478 4974 tu
1502 4935 1551 4975 cur
1574 4917 1689 4975 tullerint
1708 4917 1780 4973 ieras
1807 4919 1834 4973 in

211 5010 359 5082 respirans
373 5008 523 5073 adulterio,
538 5018 565 5065 ct
583 5002 738 5066 incessabili
755 5010 994 5084 dementissimi
1047 5016 1093 5063 tna
1118 5015 1206 5065 morte
1219 5008 1336 5079 ‚luceret
1356 5009 1448 5076 Cato,
1470 5024 1540 5067 care
1557 5025 1642 5083 erpo,
1667 5024 1702 5067 ne
1714 5018 1740 5066 te
1752 5011 1833 5065 hara·

242 5101 299 5159 ltec
314 5100 530 5172 portentosum
544 5101 571 5155 iu
592 5101 776 5156 sscroordine
788 5101 869 5171 positi
884 5110 960 5167 sunt,
971 5102 995 5158 si
1045 5097 1140 5153 ibrum
1156 5098 1358 5169 desperationis
1383 5100 1537 5157 absorbeat.
1560 5099 1635 5156 siens
1656 5108 1701 5156 nra
1720 5100 1833 5155 fiducia·

207 5190 413 5249 exsecrabiliter
426 5190 521 5245 tinum
536 5206 543 5244 ι
557 5188 624 5258 quia
647 5199 702 5259 oso
715 5189 913 5246 altimettntes
929 5189 997 5245 emi-
1046 5188 1108 5247 liter
1121 5206 1155 5248 et
1169 5191 1260 5249 divina
1274 5191 1376 5265 pietate
1395 5198 1560 5264 presumat,
1575 5206 1610 5248 ne
1627 5206 1677 5263 pro
1698 5176 1835 5262 magnim-

204 5288 288 5347 'nent,
312 5296 346 5339 eo
367 5279 526 5350 proinsdlnt
547 5286 706 5335 contremet
727 5278 821 5347 lacent
841 5294 848 5331 ε
872 5288 903 5335 et
924 5279 997 5334 sicet
1044 5280 1110 5339 diue
1142 5281 1264 5338 oriminis
1296 5282 1470 5354 impoenitens
1493 5283 1667 5339 obdurescat.
1697 5281 1756 5337 lion
1792 5289 1835 5337 cst

208 5373 276 5429 alins
294 5374 425 5454 deberent
447 5386 519 5429 ormo
542 5370 569 5426 itt
593 5378 696 5425 sanos
717 5369 998 5426 corrrursanmnsrtn
1041 5371 1118 5426 enim
1140 5376 1313 5443 poeoniorum
1331 5373 1496 5443 desperare,
1519 5373 1567 5428 sed
1593 5372 1755 5442 impioromt
1781 5380 1835 5426 nee

207 5465 372 5533 praecedere,
394 5464 431 5518 itu
446 5461 619 5534 postmodum
636 5461 771 5515 strrrclors
790 5467 999 5532 eopontnrsup·
1043 5462 1204 5532 rnapnltttdo
1237 5463 1381 5519 criminum
1416 5463 1443 5518 io
1475 5463 1690 5533 desperationem
1722 5460 1835 5517 addoeit

207 5552 288 5622 plieiu
309 5555 457 5619 sustinere3
480 5554 542 5624 tpttin
564 5551 642 5621 insta
661 5550 733 5607 Petri
756 5560 876 5608 rocem:
897 5568 907 5604 t
928 5550 999 5607 licus
1044 5554 1184 5618 animam,
1212 5554 1260 5610 sed
1280 5554 1416 5624 impietas.
1442 5553 1471 5609 st
1498 5554 1570 5609 enlm
1592 5561 1697 5607 tamum
1707 5550 1834 5607 dimotus

209 5643 291 5699 etiarn
316 5643 420 5710 angelis
438 5645 613 5711 peccantibus
634 5658 689 5701 non
715 5640 855 5715 pernicii,
879 5644 927 5700 ted
954 5660 998 5700 ru·
1045 5644 1153 5712 potnit,
1176 5652 1208 5698 nt
1224 5654 1252 5702 te
1270 5646 1297 5702 in
1321 5645 1401 5714 ltnltn
1419 5645 1477 5701 titii
1490 5644 1621 5713 prolunda
1631 5644 1831 5713 submersionem
