4017 6192
217 319 272 382 ιιι
443 275 448 302 ²
518 322 639 383 causo.
661 324 729 382 ιιι.
750 355 785 366 .-
802 326 941 385 ιιιιιιι
958 325 1064 384 mrsu.
1086 325 1238 386 nonam.
1257 329 1303 386 ιι
1322 327 1411 388 sec.
1432 330 1512 389 ιιι.

337 647 513 721 Μ
551 669 977 838 ouusounuu
1028 652 1354 790 nucinum
1405 675 1718 798 sexuum.

216 886 450 952 RHETORICAE
507 884 837 950 nectentttottts
851 886 1043 949 tnt'uctto
1055 888 1096 949 tlt
1111 887 1331 953 urtscot‘tttt
1346 889 1567 956 uoutcnos
1579 896 1635 959 AD
1648 895 1844 963 SAECULUM

470 983 757 1050 tuvocttttsat.
775 986 833 1046 ab
852 985 1068 1050 GtSLEttttttt
1088 986 1310 1052 ttelscortttt
1331 990 1593 1058 auxttttttuu.

914 1148 1118 1167 *n—

214 1268 417 1325 usuusttruu.
431 1290 468 1302 -
481 1255 630 1330 Redarguit
650 1247 797 1327 quemdam
812 1258 980 1329 episcopum,
997 1258 1044 1328 qui
1058 1273 1140 1315 ansus
1163 1258 1251 1316 iuerat
1273 1274 1398 1318 asserere
1415 1263 1579 1320 usmetum
1604 1266 1744 1337 religionis
1766 1268 1844 1326 laabi-

251 1346 309 1391 tum
332 1329 417 1390 semel
435 1336 591 1399 susceptum
622 1342 710 1397 posse.
733 1338 844 1398 propter
866 1329 1055 1398 aegritudinem
1084 1328 1216 1384 autalias
1237 1345 1344 1394 musas.
1366 1333 1516 1397 deserere;
1539 1336 1710 1406 quodquam
1733 1338 1769 1394 sit
1792 1341 1843 1394 inr-

250 1406 345 1477 pium.
370 1410 398 1456 et
420 1400 507 1456 saeris
527 1398 678 1454 canonibus
699 1397 931 1468 conciliorumque
953 1399 1061 1453 statutis
1086 1399 1253 1455 contrarium
1276 1399 1399 1470 pleribus
1420 1401 1556 1470 ostendit,
1571 1413 1600 1460 et
1622 1404 1866 1472 trutmoniam·
1958 1397 1962 1404 ⁴

251 1474 371 1530 tionibus
385 1469 545 1540 comprobat
561 1482 577 1522 a
596 1467 737 1538 religionis
750 1467 891 1539 proposito
903 1468 1034 1524 recedere
1046 1483 1100 1525 non
1113 1467 1205 1523 licere.

250 1623 354 1680 murno
362 1620 492 1677 suune
501 1607 654 1674 donimano
663 1617 803 1689 episcopo,
816 1617 926 1673 Parrus
939 1616 1004 1672 ulti·
1017 1622 1043 1684 Δ
1056 1617 1164 1684 stolam,
1179 1619 1232 1675 boe
1245 1619 1328 1675 etiam
1345 1621 1503 1692 opusculum
1517 1625 1637 1697 suscipe,
1650 1635 1679 1684 et
1695 1630 1736 1686 sic
1747 1645 1843 1689 mera

213 1732 277 1774 naua
296 1714 492 1771 nenacbornm
511 1723 618 1777 surus,
636 1708 841 1767 ferventissimae
854 1708 1004 1766 denotionis
1055 1706 1197 1778 Beniamin
1228 1709 1301 1766 lilius
1341 1721 1456 1784 uuaqne
1484 1730 1567 1771 manu
1592 1718 1696 1789 bicipiti
1722 1731 1844 1779 armatus

212 1804 386 1877 obsequium.
559 1861 561 1864 ,
1054 1797 1155 1869 gladio,
1184 1800 1211 1855 in
1224 1802 1403 1874 ¹<constipatos
1425 1804 1520 1862 bootes
1539 1791 1682 1880 irrumpe,
1710 1822 1844 1882 quatenoc

248 1895 309 1952 Noa
329 1893 406 1951 robis
425 1890 537 1956 cecidit,
562 1887 782 1948 reuerentissime
805 1887 914 1961 presul,
939 1887 1004 1959 qnia
1054 1885 1099 1941 illa
1112 1886 1181 1944 acsi
1194 1888 1299 1948 ualidos
1326 1906 1421 1950 nomer
1443 1894 1478 1949 ad
1500 1895 1621 1952 tiresum
1640 1901 1778 1957 aconitum
1798 1918 1843 1957 rs·

210 1987 247 2044 de
269 1983 392 2055 mprobis
416 1981 472 2038 illis
494 1980 582 2047 riuis,
607 1980 653 2050 qui
674 1986 766 2050 spreto
790 1977 927 2049 religionis
952 1977 1003 2032 lta·
1053 1975 1153 2031 dicitus
1174 1977 1343 2035 evellentem
1361 1981 1489 2038 zizaniati
1509 1986 1706 2055 pemorisarra
1721 1993 1844 2059 promta.

210 2077 270 2134 bite
287 2074 324 2131 ad
343 2073 471 2130 mulum
482 2078 547 2128 sunt
565 2069 673 2142 relapsi,
687 2083 759 2139 saepe
778 2082 832 2124 uua
851 2066 1001 2137 conquesti,
1053 2063 1109 2119 dat.
1124 2063 1181 2121 iioc
1193 2067 1270 2136 quasi
1283 2067 1344 2124 tilis
1355 2070 1652 2145 sarculessubseqncus
1664 2077 1756 2147 glebas
1769 2079 1844 2136 lean-

210 2161 432 2237 aepeeoturuuni
445 2174 540 2216 mutas
553 2158 633 2216 taedio
646 2156 797 2213 lamentati.
809 2154 899 2227 Nuper
912 2165 1002 2210 autem
1052 2161 1118 2222 gat,
1140 2153 1194 2209 imo
1218 2163 1248 2210 ιι
1274 2158 1427 2228 exemplem
1457 2165 1648 2234 congruentius
1674 2168 1843 2237 proteratur,

210 2271 274 2313 eum
293 2261 320 2310 te
331 2251 465 2323 corporali
476 2249 631 2316 ualetudine
644 2248 795 2313 laborante,
810 2246 940 2302 Romanae
955 2261 1002 2318 sy·
1052 2241 1188 2313 boetelut
1200 2254 1293 2301 orator
1317 2248 1452 2306 manifesti
1473 2253 1596 2311 criminis
1620 2271 1682 2314 reos
1703 2274 1764 2317 csse
1778 2277 1845 2317 coe·

210 2344 283 2402 nodo
294 2357 340 2400 me
361 2342 493 2398 interesse
513 2338 695 2411 contingeret,
717 2336 797 2420 buius
813 2336 854 2393 rei
877 2335 1001 2393 notitiam
1051 2331 1154 2398 elucet,
1169 2332 1294 2403 quasilla
1309 2341 1467 2402 auctorum,
1483 2342 1556 2396 ιιιιι
1570 2347 1673 2398 arbiter
1684 2352 1842 2419 patorem,

210 2435 322 2492 domiuo
342 2446 420 2504 papa
445 2443 592 2503 suggerere
619 2442 768 2500 congruum
790 2425 932 2495 iudicari:
957 2424 1003 2481 ilie
1051 2422 1175 2479 canosum
1191 2423 1288 2495 rigoris
1300 2437 1415 2482 censura
1429 2438 1563 2485 coerceat.
1581 2430 1634 2487 Sed
1647 2432 1737 2489 divina
1756 2438 1843 2506 gratia

209 2534 301 2580 aetem
322 2530 416 2592 utpote
431 2521 474 2576 tir
498 2517 696 2584 sanctissimus,
714 2515 792 2586 iuxta
810 2513 1002 2571 sincerissime
1050 2515 1186 2585 preduce,
1198 2531 1283 2587 qoem
1305 2518 1416 2589 aggredi
1430 2520 1554 2590 ultimus,
1578 2523 1605 2579 in
1629 2524 1704 2581 iilum
1719 2530 1842 2597 protinus

208 2612 352 2670 ebarimb
363 2611 479 2676 viscera,
489 2623 550 2679 que
559 2607 587 2664 in
601 2606 701 2679 templo
711 2605 754 2662 sui
766 2604 884 2677 pectoris
899 2604 999 2676 nigem,
1051 2603 1222 2661 invehamur.

209 2701 358 2759 remnalde
371 2699 517 2773 perdoluit,
530 2708 560 2754 et
571 2712 633 2754 mor
644 2710 793 2768 congruum
806 2695 1001 2752 immanissime
1308 2697 1423 2758 caput·
1442 2701 1587 2760 pmuun,

207 2793 315 2849 rulueri
328 2789 478 2847 remedium
491 2788 621 2845 adbibere
643 2787 758 2843 curavit.
777 2785 871 2858 itaque
885 2786 950 2858 qnia
964 2787 999 2842 ad
1051 2808 1130 2876 Μ
1151 2811 1279 2866 mgg,
1304 2815 1443 2884 emam
1469 2829 1522 2869 m
1547 2815 1625 2872 pm,
1652 2815 1687 2872 aa
1713 2818 1840 2875 ,mgna

208 2883 411 2940 exsecutionem
425 2879 505 2949 buius
519 2877 621 2951 emolii
635 2877 785 2935 idoniorem
802 2877 829 2932 in
844 2876 898 2932 iliis
916 2873 1001 2946 parti-
1398 2885 1502 2940 temeti.

207 2971 260 3028 bus
275 2971 364 3026 tirum
384 2969 478 3040 nequit
491 2968 643 3034 addiscere,
663 2982 726 3024 suas
740 2966 774 3022 ad
793 2966 937 3024 recensuit
952 2965 1038 3033 lit-B
1085 2969 1173 3043 cogor
1201 2971 1346 3029 aduersum
1371 2983 1421 3041 te,
1447 2977 1609 3035 venerabilis
1622 2979 1747 3051 episcope
1764 2979 1842 3036 llan-
1964 2969 1973 2986 '

208 3073 282 3121 teras
303 3062 451 3128 destinare,
479 3068 613 3131 quamuus
637 3059 859 3130 prevaricatores
884 3057 944 3113 iilos
969 3065 997 3113 tu
1050 3075 1101 3126 re,
1130 3062 1257 3134 exigente
1287 3064 1458 3130 necestitate,
1479 3081 1533 3123 non
1558 3070 1664 3126 modica
1696 3071 1840 3127 scriberet

207 3152 357 3211 mondum
370 3152 521 3223 prudentiae
543 3159 596 3206 tuae
609 3148 763 3206 facundiam
788 3149 1000 3216 convertissem
1047 3145 1195 3221 compellor
1217 3152 1288 3208 nitra
1316 3155 1369 3209 mei
1393 3156 1497 3212 ordinis
1518 3166 1619 3214 metam
1641 3160 1720 3233 301
1747 3175 1840 3218 sacen

206 3241 452 3300 obettmrotentes
481 3240 517 3297 ad
540 3254 619 3296 snum
642 3233 810 3310 propositum
833 3253 998 3304 reroeares;
1049 3238 1140 3305 doti,
1174 3242 1346 3298 sermonibus
1380 3258 1434 3300 non
1468 3248 1682 3305 sacerdotalibus
1704 3248 1837 3317 ebriaret

206 3335 253 3404 gui
275 3348 343 3389 roro
366 3331 479 3389 rebelles
492 3330 654 3398 existerent,
675 3326 799 3401 perpetui
819 3328 1001 3384 auatbematis
1050 3330 1169 3402 nuditme
1189 3339 1332 3398 coarctor,
1358 3334 1477 3405 nudique
1497 3351 1607 3407 premor
1628 3354 1637 3394 a
1659 3339 1785 3397 uidelicet
1810 3352 1840 3400 et

205 3423 344 3481 memoria
364 3421 523 3479 ferirentur.
1049 3428 1144 3476 contra
1164 3421 1319 3492 episcopam
1342 3422 1415 3494 toqui
1439 3428 1585 3498 superbum
1612 3438 1669 3493 est,
1689 3438 1717 3486 et
1740 3430 1776 3486 ad
1796 3440 1841 3488 ta·

233 3510 379 3569 Dominum
396 3519 489 3566 autem
507 3508 658 3567 Guidouem
674 3506 826 3564 Numanum
844 3507 999 3579 episcopum
1048 3510 1084 3565 lia
1108 3512 1312 3580 conticescere,
1339 3528 1502 3571 mursensem
1528 3526 1572 3574 est
1606 3519 1748 3575 adbibere.
1784 3519 1841 3579 Sed

206 3602 234 3658 iu
247 3602 380 3674 praedicto
391 3600 506 3658 concilio
517 3600 618 3671 reperi,
633 3608 662 3655 et
672 3598 735 3669 prtia
751 3598 806 3666 ille,
821 3607 847 3653 ut
862 3599 944 3662 nosti,
960 3598 1000 3653 in·
1050 3600 1145 3657 etelim
1158 3612 1215 3668 est,
1236 3610 1266 3658 ιι
1286 3617 1419 3676 arrogans
1439 3606 1513 3664 solus
1533 3623 1688 3680 appaream,
1703 3627 1785 3681 oram
1806 3613 1842 3670 ad

204 3694 351 3750 uitamenta
363 3694 485 3764 prebere
503 3691 568 3747 beic
579 3690 645 3746 titio
660 3689 810 3754 dicebatur,
834 3687 999 3758 lateorpee-
1050 3689 1197 3746 mttltorum
1220 3693 1368 3763 pernicicm
1385 3695 1499 3752 mortale
1512 3697 1617 3763 titium,
1631 3701 1704 3769 quod
1725 3718 1798 3759 neue
1809 3701 1840 3758 in

206 3791 300 3839 catum
320 3797 423 3847 meum,
449 3782 517 3837 dore
542 3779 617 3834 iilum
640 3793 802 3834 succensere
829 3778 997 3847 praesumpsi.
1049 3782 1145 3850 primis
1163 3783 1260 3847 oritur,
1288 3783 1431 3843 inolescat.
1456 3787 1541 3860 liagis
1565 3790 1719 3861 eligendum
1742 3779 1839 3850 eat‘de
1954 3835 1961 3852 .

205 3870 251 3929 ille
265 3871 394 3927 nimirum
405 3871 448 3926 rir
462 3870 550 3942 dignae
572 3867 742 3933 humilitatis,
757 3877 785 3923 et
800 3867 947 3937 patientiae,
970 3875 999 3922 ct
1049 3869 1223 3940 simplicitate
1248 3871 1392 3929 locutionis
1410 3874 1437 3929 iu
1457 3876 1645 3947 episcoporum
1661 3876 1766 3948 judicio
1779 3895 1841 3938 cor·

205 3976 259 4017 non
272 3959 361 4017 solem
375 3960 462 4015 sacris
473 3958 600 4030 eloquiis,
615 3957 663 4013 sed
683 3956 767 4013 etiam
789 3954 941 4010 liberalium
954 3963 999 4009 a'r·
1050 3959 1113 4030 ripi,
1127 3977 1209 4031 ouant
1223 3969 1286 4017 ante
1308 3963 1428 4020 tribuual
1442 3966 1551 4035 superni
1568 3965 1668 4035 indicis
1680 3967 1715 4023 de
1730 3967 1840 4026 silentio

35 4077 36 4090 ι
131 4099 141 4116 ,
205 4051 273 4106 dum
283 4049 381 4107 studiis
394 4050 526 4113 eruditus,
541 4046 760 4120 insuggillantem
773 4047 882 4117 quidem
898 4060 940 4101 ιιι
954 4060 1000 4116 pa·
1049 4048 1236 4104 condemnari.
1257 4049 1359 4122 Nempe
1381 4061 1445 4108 aute
1468 4054 1520 4110 boe
1534 4055 1592 4110 iere
1612 4053 1750 4113 biennium
1772 4058 1839 4114 dem

205 4142 306 4199 tienter
321 4139 382 4196 tulit
397 4158 404 4194 :
422 4138 520 4209 nlthctl
532 4153 596 4195 uero
609 4138 733 4196 criminis
746 4137 852 4209 culpam
863 4138 996 4209 negando,
1050 4138 1077 4193 iu
1087 4148 1203 4210 angusto
1222 4139 1327 4195 cellola
1338 4156 1405 4197 meae
1417 4143 1516 4216 angulo
1528 4144 1674 4211 latitarem,
1695 4148 1839 4207 sinistrum

204 4233 376 4300 detestande,
398 4233 446 4290 liei
468 4233 653 4289 testimonium
674 4231 855 4302 implorando,
875 4217 998 4286 disertisss
1049 4227 1115 4298 quid
1139 4237 1167 4284 et
1192 4244 1309 4286 mterote
1332 4230 1442 4300 plenum
1456 4233 1490 4289 ad
1517 4249 1561 4289 me
1579 4233 1651 4290 lema
1669 4237 1839 4295 discurrente

204 4323 275 4380 sime
287 4322 465 4395 propulsavit.
485 4320 562 4379 Ultro
581 4323 664 4378 etiam
687 4338 737 4394 pro
752 4337 795 4378 me
810 4321 892 4392 caepit
905 4321 999 4378 serbo·
1012 4311 1036 4376 C
1051 4315 1183 4387 perlatum
1205 4328 1270 4374 est:
1296 4320 1422 4377 uidelicet
1445 4322 1518 4394 quod
1533 4325 1654 4380 nonnulii
1670 4326 1768 4395 perditi
1789 4326 1839 4383 bo·

205 4431 269 4472 rum
282 4429 396 4471 suorum
424 4413 477 4470 tela
492 4413 619 4486 dirigere,
642 4413 688 4483 oui
706 4414 849 4469 aduersum
866 4427 911 4468 me
928 4410 997 4468 ialso
1052 4406 1139 4463 mittes
1150 4405 1350 4478 pestSatauam
1364 4410 1499 4477 conveni,
1515 4415 1703 4472 monachicum
1716 4416 1838 4474 babitnm

204 4503 348 4559 dicebatur
369 4512 482 4559 eatenus
503 4501 643 4558 dimicare.
670 4499 725 4558 scu
752 4500 817 4557 licet
834 4499 999 4557 venerabilis
1050 4498 1181 4570 sacrilega
1205 4503 1359 4558 temeritate
1372 4504 1542 4568 desererent,
1554 4514 1582 4561 et
1595 4508 1755 4564 exsecrabili
1772 4525 1838 4580 apo·

204 4596 250 4654 llic
271 4596 315 4652 rir
339 4596 470 4654 innocens
492 4603 615 4666 repertus
642 4593 694 4660 sit,
714 4608 764 4663 ego
790 4602 880 4648 tamen
902 4592 998 4649 vilitati
1050 4591 1134 4645 stacia
1154 4591 1189 4646 ad
1210 4594 1367 4649 mandarent
1395 4594 1519 4650 militiam
1545 4596 1634 4653 denuo
1656 4599 1835 4669 repedarent:

203 4687 261 4759 lant
274 4687 358 4758 iaculi
374 4690 505 4758 impetum
516 4700 570 4741 ιιι
586 4683 720 4750 continui,
733 4683 876 4739 sed-terso
891 4681 1000 4739 nomine
1050 4678 1096 4747 gui
1125 4682 1252 4738 nimirum
1276 4684 1304 4738 in
1332 4693 1386 4738 tam
1408 4680 1533 4755 proluudi
1544 4686 1667 4743 oriminis
1677 4688 1838 4746 barathrum

205 4780 286 4835 aliam
313 4779 367 4834 buc
389 4792 553 4848 personam,
580 4787 643 4831 tum
670 4789 724 4845 qua
745 4772 937 4847 confligerem,
957 4773 999 4828 in·
1050 4773 1129 4845 lapsi,
1140 4771 1194 4827 teis
1206 4771 1240 4826 ad
1250 4771 1402 4828 audendum
1412 4774 1647 4832 exhortationibus
1659 4778 1778 4843 incitari,
1790 4788 1836 4836 toa

205 4869 336 4926 trudoni:
361 4877 390 4924 ut
412 4868 541 4923 nimirum
561 4864 607 4921 ille
624 4880 654 4922 se
668 4865 721 4921 boe
732 4865 863 4921 rocabnto
876 4872 998 4920 notamm
1049 4865 1083 4921 ad
1097 4862 1297 4935 persistendum
1317 4859 1476 4918 dicebantur
1487 4865 1649 4921 auctoritate
1663 4864 1763 4924 leleiri.
1786 4868 1838 4926 Fe·

204 4974 259 5013 non
271 4957 401 5027 ambigat,
414 4956 539 5027 quisquis
554 4955 678 5025 improbe
690 4955 724 5014 nd
743 4953 825 5025 buius
841 4963 999 5036 controeeuj
1050 4953 1154 5009 rebaris
1185 4952 1259 5007 enim
1289 4946 1397 5020 dicere,
1427 4952 1491 5025 guia
1509 4955 1562 5011 uisi
1591 4958 1654 5028 ouis
1676 4957 1837 5030 regohritsr

204 5050 252 5104 siae
264 5055 402 5102 certamen
416 5048 528 5116 aspirat.
552 5045 588 5101 m
607 5045 671 5102 licet
694 5052 791 5100 auctor
810 5040 890 5114 buius
904 5042 999 5116 flagitii
1049 5051 1214 5115 protractus,
1226 5053 1255 5098 et
1268 5042 1406 5117 perlonga
1421 5053 1573 5117 temporum
1584 5049 1682 5119 spatia,
1695 5049 1766 5105 slent
1775 5064 1836 5107 ruo·

206 5156 278 5196 nunc
287 5138 447 5195 manifestus
459 5154 512 5196 non
526 5139 572 5207 sit,
593 5147 684 5195 tamen
706 5139 770 5193 dem
784 5138 870 5193 latere
884 5137 918 5193 ad
931 5146 999 5193 tem·
1050 5134 1154 5190 nastica
1168 5134 1291 5206 precipit
1312 5135 1414 5208 regola,
1429 5137 1465 5193 sit
1487 5139 1627 5208 probatos,
1650 5138 1775 5209 sialiter,
1788 5147 1836 5198 aut

204 5243 257 5302 pus
270 5229 378 5293 nititur,
392 5227 592 5284 immunitatem
614 5227 647 5284 dc
660 5225 731 5299 litgae
744 5240 801 5282 ιιι
818 5225 931 5282 latibulo
944 5241 998 5282 non
1048 5235 1161 5296 propter
1187 5226 1391 5296 egritudinem,
1417 5235 1465 5282 ant
1481 5229 1601 5298 quolibet
1626 5229 1679 5285 alio
1702 5233 1782 5287 modo
1800 5232 1836 5288 atl

155 5341 161 5348 ·
204 5319 341 5377 lucratur.
357 5319 411 5375 Sed
425 5318 466 5376 sic
486 5325 613 5376 armatus
633 5317 826 5389 disputationis
848 5318 915 5374 ordo
938 5317 999 5372 dra·
1049 5314 1238 5371 monachicum
1257 5318 1412 5385 pervenerit
1425 5311 1559 5383 ordinem,
1579 5317 1692 5376 liberam
1706 5321 1835 5378 redeundi

204 5408 408 5468 eunteaeioreae
421 5408 544 5465 toramen
567 5407 704 5473 obsideat,
729 5414 865 5480 quatenns
890 5421 952 5462 mos
969 5413 998 5461 ot
1050 5407 1084 5462 ad
1097 5407 1224 5463 saeculum
1245 5407 1344 5463 babeat
1353 5405 1519 5464 laenitatem.

206 5501 361 5567 emerserit,
386 5500 412 5556 in
433 5500 619 5556 imminentem
638 5498 758 5571 gladium
773 5498 862 5555 subito
877 5496 998 5554 confrin-
1085 5496 1173 5569 Super
1194 5496 1273 5568 cujus
1294 5498 1333 5553 rei
1363 5497 1480 5568 mpitelo
1502 5507 1568 5555 tenc
1583 5501 1835 5572 temporisbrercm

205 5588 310 5664 pedus
325 5589 465 5661 impingat.
1049 5588 1098 5647 tibi
1120 5585 1264 5660 epistolam
1288 5587 1395 5647 misisse
1408 5602 1452 5644 me
1473 5589 1594 5657 memini,
1618 5599 1647 5646 et
1674 5599 1704 5646 ιι
1726 5590 1762 5648 ab
1783 5592 1836 5650 bae

242 5681 413 5754 Quapropter
433 5690 496 5755 post
516 5681 590 5739 iliam
616 5695 730 5739 mmmm
754 5681 927 5752 auctoritatis
941 5679 998 5751 epi·
1048 5678 1176 5752 pestilera
1202 5677 1327 5735 doctriua
1341 5691 1474 5749 emtam,
1497 5678 1588 5738 debita
1605 5678 1756 5740 bumilitate
1774 5695 1835 5752 sng-
