4017 6192
252 307 305 364 ιιι

252 609 343 675 itaquae
357 601 518 658 Glrrlstianae
531 601 670 656 servitutis
680 601 777 667 officia,
793 603 1040 668 dilectissime‚non

251 692 421 765 obsequium,
444 691 492 746 sed
505 690 624 744 debitum
639 689 752 759 deputa;
781 700 809 746 et
835 706 887 746 non
907 694 1039 749 voluntati

251 782 464 842 seduecessitati
482 795 593 852 prorsus
615 781 721 836 ascribe
735 801 742 836 :
756 789 786 836 ut
811 782 881 839 sicut
909 783 1040 839 Christia-

251 891 315 930 num
334 882 364 929 te
381 872 511 944 profiteri,
525 873 631 943 siguum
653 873 758 930 vibium
772 876 861 931 crucis
876 877 1038 946 imprimere,

251 978 349 1020 nornen
363 963 469 1018 Domini
483 962 567 1033 218
578 963 700 1031 quotidie
712 978 765 1018 nou
779 965 881 1021 desinis
894 967 1037 1033 invocare3

251 1058 286 1110 ita
301 1063 328 1110 et
339 1054 396 1109 laec
408 1053 554 1124 aliquando
567 1052 646 1107 notus
658 1054 832 1110 occasionum
851 1055 974 1113 obicibus
988 1072 1037 1112 au·

703 354 707 361 ,
767 307 888 365 OPUSG.
909 308 944 365 X.
964 340 998 352 -
1016 311 1060 367 DE
1077 309 1181 369 bottis
1197 312 1390 375 cauourcts.

253 423 329 491 quod
347 420 370 476 si
385 432 483 489 capere
500 429 531 473 es
552 416 708 475 omnimodo
731 418 893 488 litterarum,
907 427 963 478 sota
979 429 1079 485 ora-A

254 517 326 571 tione
347 511 487 568 bomiuica
515 510 618 581 poteris
645 511 758 567 imulcre
784 513 855 583 quod
873 523 961 584 optas.
978 512 1041 570 llaec
1066 551 1076 563 .

1824 337 1878 392 bill

1391 430 1504 491 CAPUT
1530 435 1575 493 ld.

1268 514 1404 571 dractona·
1426 524 1564 589 efficacitas
1591 542 1698 601 guttula⁸

1124 601 1185 656 dlio
1199 617 1306 674 quoque
1322 614 1443 677 tempore
1458 609 1540 675 idem,
1555 619 1591 666 de
1604 636 1659 683 qun
1674 624 1820 698 loquimur,
1835 637 1875 688 ιιι·

1090 694 1123 749 ad
1137 696 1294 763 predictum
1312 699 1505 754 monasterium
1530 712 1663 760 nocturno
1685 706 1795 771 silemus
1812 738 1876 781 pm.

1088 786 1209 854 perabat,
1221 786 1254 841 ad
1265 787 1352 841 rivum
1363 796 1453 843 autern
1468 790 1551 861 219
1561 792 1608 861 qui
1627 793 1795 854 interfluebat
1813 817 1877 872 per·

1089 875 1267 946 venicus(cui
1289 876 1393 933 scilicet
1414 879 1514 950 drgilla
1539 882 1699 939 vocabulum
1724 887 1785 955 est),
1811 892 1874 961 quia

1088 965 1167 1034 aquis
1183 975 1246 1021 tunc
1267 970 1485 1026 excrescentibus
1504 971 1681 1041 intumuerat,
1699 981 1876 1038 transvadare

1087 1070 1141 1109 nou
1157 1057 1244 1125 potuit
1265 1074 1271 1111 :
1288 1057 1333 1128 qui
1348 1074 1378 1114 se
1393 1060 1517 1130 protinus
1531 1062 1558 1116 in
1581 1066 1729 1122 orationem
1752 1070 1835 1137 dedit,
1847 1081 1876 1128 et

250 1147 316 1201 deas
332 1144 474 1215 praeterire

542 1234 658 1291 CAPUT
673 1236 739 1290 but.

249 1324 287 1379 lle
301 1325 356 1379 ciro
369 1322 482 1394 quodam
495 1324 540 1391 pio
571 1327 805 1447 etdcuuoniccrunr
831 1325 957 1379 frorurum
979 1334 1037 1379 stu·

614 1410 680 1447 roro.

1087 1161 1140 1216 qua
1154 1147 1376 1217 compleremus
1391 1165 1446 1214 res,
1459 1151 1486 1205 iu
1500 1153 1623 1209 ulteriori
1637 1157 1694 1226 ripa
1708 1174 1738 1213 se
1752 1169 1874 1229 tranupo-

1086 1238 1168 1292 situm
1193 1239 1303 1308 reperit.
1326 1238 1389 1295 llaec
1412 1250 1519 1307 autem,
1534 1245 1575 1301 vir
1593 1248 1813 1319 prudentissime,
1831 1254 1873 1308 id-

1085 1328 1159 1383 circo
1174 1328 1221 1383 tibi
1234 1329 1372 1385 referenda
1384 1334 1567 1401 perordinem
1580 1337 1717 1403 duximus,
1726 1350 1755 1396 ut
1773 1355 1874 1411 quauta

1085 1434 1166 1490 super
1178 1434 1224 1475 eos
1238 1435 1301 1475 eura
1316 1422 1486 1493 omnipotens
1498 1425 1567 1481 bens
1582 1427 1712 1500 invigilet,
1728 1435 1773 1502 qui
1788 1434 1874 1489 eccle·

282 1503 319 1561 Ul
332 1512 423 1559 tutem
441 1502 590 1560 salutiferis
613 1503 847 1559 taltotlallonlbtls
867 1503 973 1558 facilins
987 1520 1034 1559 ³0·
1084 1511 1203 1567 siasticis
1216 1523 1363 1568 occurrunt
1377 1523 1533 1572 reverenter
1547 1517 1652 1584 officiis,
1669 1521 1771 1593 liquido
1794 1543 1871 1581 mon-

246 1595 382 1665 qbiescas,
394 1595 465 1664 quod
479 1594 505 1648 in
522 1593 581 1664 ipso
595 1609 680 1662 nuper
693 1594 728 1648 arl
742 1609 790 1648 vos
800 1593 898 1648 itinere
908 1594 1035 1664 gradiens
1084 1609 1242 1656 straremus.
1253 1602 1357 1657 Pudeat
1368 1619 1433 1674 ergo
1451 1606 1619 1674 prudentiam
1637 1619 1711 1668 tuam
1726 1619 1871 1673 canonicas

245 1684 336 1748 didici,
348 1683 468 1740 breuiter
479 1682 664 1754 explicaboln
680 1683 793 1740 fanensi
812 1700 928 1755 namque
940 1686 1036 1740 subur·
1084 1689 1165 1744 boras
1179 1690 1488 1760 negligenteromittere‚
1501 1711 1568 1765 quas
1583 1707 1611 1753 et
1626 1712 1746 1758 sanctam
1761 1708 1871 1764 rustici·

245 1776 304 1840 bio,
318 1775 397 1829 tertio
416 1772 540 1829 videlicet
557 1788 573 1827 a
592 1774 727 1830 moenibus
750 1774 848 1846 lapide,
865 1776 906 1829 vir
922 1777 1031 1845 quidam
1047 1767 1069 1826 Β
1084 1788 1164 1834 tatem
1178 1781 1256 1837 audis
1269 1797 1330 1837 cum
1353 1791 1425 1837 tauta
1448 1785 1533 1855 gloria
1547 1787 1708 1846 celebrare:
1728 1793 1781 1850 imo
1796 1795 1872 1865 evrjrrs

244 1864 359 1931 babitat,
372 1872 400 1920 et
416 1864 512 1920 ordine
530 1862 651 1918 simulet
668 1863 797 1920 facultate
812 1866 954 1922 mediocris
967 1883 975 1919 t
986 1868 1031 1935 qui
1080 1867 1194 1939 spiritus
1208 1870 1234 1923 ia
1249 1886 1341 1925 amore
1356 1872 1401 1926 Dei
1418 1873 1498 1941 paulo
1510 1873 1659 1933 ferventius
1671 1879 1828 1949 inardescit,
1836 1889 1870 1941 ad

243 1957 371 2012 nimirum
385 1971 448 2013 casu
465 1955 521 2013 illic
545 1971 588 2039 me
607 1957 703 2012 adesse
726 1971 902 2027 cognoscens,
916 1957 1032 2014 festinus
1080 1958 1134 2015 boc
1147 1959 1228 2016 etiam
1246 1962 1413 2027 extenditur,
1428 1971 1457 2017 ut
1473 1964 1553 2021 boras
1565 1967 1652 2025 beatae
1665 1969 1711 2026 bei
1725 1972 1870 2032 Genitricis

241 2050 368 2114 accesit,
382 2058 410 2106 et
423 2049 495 2104 inter
507 2057 605 2105 caetera
620 2048 752 2104 castitatis
765 2065 871 2120 quoqne
885 2065 941 2105 suae
951 2066 1031 2105 mun·
1080 2050 1173 2105 audire
1187 2052 1307 2120 quotidie
1328 2067 1381 2107 non
1404 2064 1540 2123 gravetur.
1564 2057 1596 2112 Ει
1626 2062 1688 2130 qnia
1712 2078 1742 2119 se
1763 2067 1871 2122 occisio

241 2140 346 2207 ditium,
356 2153 438 2208 quarn
447 2152 510 2194 curn
522 2152 606 2193 arsere
615 2137 878 2194 servabarsccretius
891 2138 1029 2194 radicavit.
1079 2140 1206 2209 qrraebuit,
1220 2142 1284 2211 quid
1298 2143 1381 2198 etiam
1396 2160 1430 2199 en
1444 2144 1494 2200 bac
1507 2146 1626 2204 fraterna
1648 2150 1779 2209 relatione
1800 2157 1869 2211 dirli-

241 2230 469 2286 llouaclruseuinr
486 2229 595 2298 quidam
611 2226 775 2300 ejnsutiqne
789 2239 903 2300 patruus
916 2246 1028 2286 uxorem
1078 2231 1172 2293 cccivn,
1199 2233 1264 2287 nrilri
1296 2233 1403 2304 quidem
1427 2252 1481 2290 nou
1505 2237 1611 2309 pigrum
1638 2250 1682 2295 est
1702 2245 1830 2311 scribere,
1845 2246 1867 2302 si

240 2321 311 2376 illius
336 2320 444 2375 sibimet
469 2319 604 2389 perhibuit
629 2318 775 2388 aliquando
800 2320 956 2388 pertinere,
982 2320 1029 2389 qrri
1079 2320 1199 2377 modote
1214 2338 1267 2377 uon
1286 2323 1491 2395 pigeataudire.

240 2423 331 2467 tamen
342 2425 399 2482 pre
409 2408 582 2481 simplicitate
595 2411 690 2475 nimia,
705 2410 851 2467 nonnullos
873 2410 955 2465 etiarn
980 2426 1029 2466 es·
1390 2414 1504 2472 CAPUT
1521 2418 1554 2473 X.

240 2513 360 2569 traueos,
386 2503 552 2574 propinquos
577 2513 757 2558 consueverat
782 2503 926 2574 appellare.
950 2502 1028 2559 Tunc
1184 2501 1318 2558 liciarum
1336 2503 1368 2558 B.
1390 2504 1503 2576 Virginis
1518 2509 1630 2579 efficacia
1647 2523 1755 2583 quauta.

238 2593 283 2649 ille
306 2594 420 2649 uerbum
441 2592 494 2648 boc
512 2592 589 2648 letus
602 2593 727 2662 arripuit,
742 2603 770 2647 et
784 2593 947 2657 deliberans,
962 2593 999 2647 ait
1018 2610 1025 2646 c

238 2684 333 2741 lfelius
343 2694 386 2742 est
398 2685 604 2754 deniquecertae
614 2684 749 2740 castitatis
763 2686 850 2740 nitore
863 2683 1025 2748 clarescere,
1075 2682 1146 2746 rius,
1162 2691 1190 2737 et
1201 2683 1335 2752 praecipue
1347 2685 1465 2740 earnalis
1479 2686 1612 2744 illecebrae
1629 2690 1760 2748 fetoribus
1774 2693 1862 2764 inqui·

236 2792 317 2848 quam
331 2776 491 2832 subincerti
510 2792 618 2848 semper
631 2780 750 2831 incestus
771 2775 916 2830 frnm‘rdine
938 2773 1025 2844 palpi-
1076 2778 1234 2845 natusaqui
1258 2777 1366 2832 tandem
1392 2777 1520 2849 languore
1543 2794 1695 2852 correptus,
1722 2795 1804 2856 atque
1829 2787 1864 2844 ad

238 2878 306 2924 rare.
329 2865 484 2936 llicltaque
498 2868 643 2924 canonicas
664 2868 755 2931 boras,
781 2875 809 2921 et
829 2865 1024 2931 ecclesiastica,
1075 2875 1196 2921 estrenra
1220 2867 1397 2936 perveniens,
1425 2868 1589 2925 tremefactis
1609 2872 1758 2929 visceribus
1782 2889 1864 2945 erpa·

235 2980 297 3019 cunr
312 2970 402 3033 potest
415 2976 468 3018 non
492 2960 572 3016 facile
599 2959 701 3016 omittit
729 2957 815 3013 officia
848 2976 855 3011 ι
885 2957 1025 3013 cousuevit
1075 2970 1198 3024 vescere,
1214 2966 1242 3011 et
1263 2967 1410 3013 accusante
1434 2959 1611 3027 conscientia,
1636 2962 1757 3018 divinum
1782 2967 1864 3036 coepit

233 3052 318 3106 etiam
328 3066 377 3121 per
387 3065 517 3105 annorum
530 3049 586 3119 jam
598 3049 674 3120 plura
689 3050 823 3104 curricula
838 3048 871 3103 ad
888 3057 1024 3103 monaste·
1071 3042 1203 3115 judicium
1219 3046 1374 3103 medullitus
1386 3045 1532 3105 formidare
1546 3066 1554 3106 ε
1570 3065 1685 3123 cumque
1701 3068 1775 3124 spem
1790 3056 1816 3109 in
1834 3073 1864 3112 se

234 3141 304 3197 num
317 3140 347 3196 S.
364 3139 519 3196 paterniani
530 3140 601 3209 quod
616 3144 700 3211 prope
711 3154 801 3194 muros
814 3136 934 3206 ejusdem
947 3111 1058 3193 rubisC
1074 3135 1174 3191 nullius
1184 3136 1249 3192 boni
1264 3137 1356 3207 operis
1371 3138 1514 3206 inveniret,
1532 3150 1616 3198 totum
1637 3159 1666 3199 se
1680 3148 1804 3215 protinus
1829 3148 1863 3202 ad

232 3233 351 3304 positum
378 3240 431 3297 est,
455 3232 597 3301 praecipuis
619 3231 810 3287 festivitatibus
822 3238 1023 3303 properare,et
1073 3229 1262 3297 postulandum
1287 3230 1318 3284 B.
1348 3230 1440 3287 blaciae
1467 3248 1574 3303 semper
1597 3234 1710 3306 virginis
1732 3239 1861 3296 auxilium

232 3334 382 3387 rvoeturuas
397 3323 451 3380 illie
466 3323 560 3380 audire
579 3322 693 3394 vigilias.
722 3322 798 3390 Quod
819 3324 945 3377 nimirum
968 3331 1023 3376 tarn
1073 3318 1197 3385 contulit,
1210 3328 1237 3374 et
1255 3320 1305 3375 sub
1317 3321 1376 3390 ejus
1388 3323 1568 3391 patrocinium
1594 3324 1746 3395 importuna
1773 3330 1863 3384 cordis

230 3422 390 3471 constanter
398 3414 499 3485 agitat
511 3426 561 3468 nec
572 3412 724 3483 pluviarum
740 3411 881 3467 inundatio
892 3420 1023 3466 ventuosa
1072 3412 1209 3467 anxietate
1222 3411 1352 3481 confugit,
1366 3412 1592 3482 hujusmodi-fere
1603 3417 1695 3474 verbis
1709 3419 1837 3476 insistens
1853 3438 1860 3474 :

230 3518 416 3574 compescere,
431 3517 482 3557 nec
493 3498 617 3557 biemalis
630 3502 716 3572 possit
728 3502 860 3571 asperitas
875 3511 1020 3556 retentare.
1073 3503 1130 3560 Non
1158 3504 1263 3577 ignoro,
1279 3504 1407 3575 inquit,o
1423 3506 1500 3562 beata
1516 3509 1609 3578 regina
1627 3511 1718 3566 mundi
1731 3508 1740 3566 l
1755 3511 1817 3581 quia
1834 3521 1861 3568 te

231 3595 311 3667 Saepe
323 3603 414 3650 autern
431 3593 541 3663 maligni
559 3594 671 3664 spiritus
685 3606 747 3649 eom
765 3594 791 3648 in
802 3593 861 3664 ipso
874 3594 981 3659 itinere,
992 3602 1022 3647 ut
1072 3594 1208 3649 tumultis
1229 3593 1340 3660 obeundi,
1361 3606 1390 3649 et
1413 3595 1555 3658 castitatis,
1583 3605 1664 3668 atque
1688 3599 1860 3670 virginitatis,

230 3696 374 3750 terreatur,
386 3685 544 3750 inclamant,
553 3692 580 3740 ct
592 3684 734 3755 strepitum
748 3684 856 3754 quidem
870 3685 935 3740 dine
947 3685 1022 3742 vocis
1071 3686 1149 3756 errius
1164 3699 1190 3742 tu
1212 3695 1299 3741 uratur
1313 3702 1352 3751 es,
1364 3701 1415 3757 ego
1431 3687 1458 3742 ιιι
1482 3703 1542 3744 nreo
1555 3704 1668 3760 corpore
1692 3692 1861 3762 signaculum

229 3779 367 3844 emittunt,
376 3777 423 3833 sed
433 3776 578 3847 cujuslibet
587 3792 725 3847 corporeae
737 3775 830 3833 formae
839 3777 958 3848 speciem
967 3792 1021 3833 uon
1071 3776 1186 3842 violavi;
1200 3777 1348 3833 innumeris
1361 3779 1443 3833 etiarn
1456 3788 1627 3851 peccatorum
1642 3782 1768 3839 sordibus
1786 3784 1862 3839 inro-

228 3868 384 3923 osteuduut,
1071 3865 1143 3922 lutus
1156 3882 1225 3932 srrrrr,
1238 3876 1287 3921 nec
1300 3868 1397 3937 dignus
1410 3868 1543 3933 invenior,
1561 3879 1586 3924 te
1611 3870 1694 3926 totitas
1722 3872 1861 3928 munditia

265 3959 334 4013 Ante
345 3973 447 4013 annum
459 3967 550 4013 autem
564 3967 643 4013 nocte
654 3957 772 4030 quadam
787 3961 850 4012 dum
866 3959 899 4013 ad
918 3959 1019 4030 predi·
1070 3956 1219 4027 principem
1234 3956 1344 4026 pollutis
1358 3957 1436 4012 labiis
1447 3958 1573 4014 invocare
1593 3977 1600 4012 :
1625 3970 1825 4027 verumtamen,
1843 3976 1861 4016 o

229 4060 303 4106 οιιιιιι
317 4052 513 4107 monasterium
528 4060 696 4121 properaret,
710 4046 781 4106 'ecce
806 4050 860 4122 lupi
892 4032 1022 4106 simulet
1067 4044 1149 4117 jarrrva
1174 4044 1246 4111 cmii,
1276 4044 1392 4100 fenestra
1417 4047 1545 4116 paradisi,
1562 4061 1626 4101 vera
1653 4047 1738 4103 Mater
1761 4048 1809 4105 Ilei
1832 4057 1860 4105 et

228 4155 329 4207 canes,
355 4138 555 4210 furentiumque
583 4139 740 4195 animalium
761 4140 867 4197 diversa
893 4147 1019 4211 portenta
1069 4138 1198 4200 bominis,
1219 4145 1246 4191 tu
1262 4137 1328 4192 mibi
1342 4137 1420 4192 testis
1430 4151 1468 4200 cs,
1483 4138 1547 4207 quia
1566 4137 1671 4209 septies
1691 4138 1717 4194 in
1736 4138 1779 4194 dic
1799 4139 1856 4193 lau·

228 4230 301 4286 laeto
314 4231 423 4303 agmine
445 4231 652 4287 insurrexerunt
679 4232 705 4287 in
731 4247 814 4297 euru,
831 4241 860 4287 et
886 4231 1020 4287 ululantes
1069 4230 1129 4284 dem
1149 4229 1204 4284 dixi
1224 4228 1289 4295 tibi,
1302 4236 1329 4283 et
1343 4228 1467 4299 quamuis
1491 4238 1633 4299 peccator,
1645 4231 1768 4300 quamvis
1784 4230 1856 4286 iudi-

227 4324 359 4395 uvidique,
369 4332 397 4378 et
410 4321 577 4378 oblatrantes
596 4322 699 4377 rabidis
721 4338 782 4376 euru
813 4322 932 4394 aggressi
955 4328 1019 4376 surrt
1068 4334 1147 4389 gnus,
1164 4316 1291 4373 omnibus
1306 4327 1395 4373 tamen
1416 4318 1554 4374 canonicis
1582 4318 1658 4375 boris
1688 4328 1741 4374 tuae
1769 4318 1857 4376 laudis

228 4413 365 4469 morsibus
379 4421 535 4469 attrectare.
555 4412 706 4466 alitteris
732 4412 838 4467 tandem
865 4424 898 4465 ex
922 4424 1017 4464 eorum
1068 4411 1227 4481 obsequium
1238 4426 1291 4465 non
1304 4408 1439 4466 fraudari.

226 4504 355 4581 dentibus
385 4495 472 4574 pallio
499 4501 579 4557 simul
610 4508 639 4557 et
667 4501 738 4571 pileo
768 4504 885 4558 nudatus
917 4502 1015 4558 evasit.
1105 4498 1227 4572 Cumque
1252 4500 1405 4569 hujusmodi
1430 4500 1512 4557 rerba
1539 4501 1655 4557 clericus
1683 4500 1856 4572 protulisset,

227 4594 349 4651 Necdum
374 4605 464 4650 autem
486 4594 521 4648 ad
543 4591 649 4664 uigilias
663 4594 739 4663 signa
754 4601 915 4658 sonuerant,
939 4608 1017 4649 carm·
1068 4591 1150 4661 220
1166 4591 1336 4646 decumbenti
1350 4593 1520 4660 postmodum
1532 4592 1653 4663 piissima
1669 4590 1714 4644 [lei
1734 4590 1855 4647 Genitrix

227 4704 281 4758 que
308 4689 488 4758 perveniens,
515 4686 622 4742 clausas
645 4685 733 4740 adlruc
760 4684 832 4740 fores
858 4684 1016 4739 monasterii
1068 4686 1165 4747 astitit,
1178 4693 1205 4737 et
1218 4684 1316 4738 blande
1332 4683 1480 4747 consolata,
1493 4693 1603 4751 peccata
1618 4683 1728 4738 sibimet
1746 4681 1855 4738 dimissa

227 4780 383 4850 reperisset,
396 4790 459 4833 ante
473 4777 556 4832 linren
572 4793 602 4832 se
614 4777 738 4848 protinus
751 4777 778 4830 in
802 4777 926 4831 oratione
950 4793 1015 4846 pro·
1067 4793 1101 4834 ex
1116 4777 1241 4848 largitate
1267 4775 1366 4830 divinae
1393 4775 1587 4829 misericordias
1611 4774 1754 4828 narratiarit.
1779 4773 1856 4841 Quod

1112 2592 1234 2650 Clericus
1245 2595 1318 2649 enim
1333 2595 1441 2665 quidam
1464 2600 1558 2654 miultis
1572 2611 1631 2656 erat
1646 2606 1763 2672 peccatis
1777 2606 1863 2661 obno·
1944 2664 1948 2673 ,

226 4870 332 4925 stravit.
347 4869 451 4925 Diutius
475 4879 565 4924 auteur
594 4869 716 4924 oratione
738 4879 886 4940 protracta,
907 4870 1015 4923 tandem

226 4963 355 5027 surrexit,
372 4970 399 5017 ct
410 4961 482 5032 quad
497 4961 627 5016 amiserat
641 4961 752 5030 pallium
773 4961 853 5015 simul
874 4970 901 5015 et
916 4959 1014 5030 pileum

223 5049 300 5120 iusta
316 5067 346 5108 se
356 5050 449 5119 iacere
462 5049 611 5120 proiectum
624 5050 799 5105 veliementer
813 5051 930 5119 expavit.
939 5050 1015 5116 erod

225 5144 354 5199 nimirum
370 5151 460 5196 utrum
482 5157 530 5210 per
554 5140 664 5212 angelos
689 5140 790 5195 factum
817 5141 867 5206 sit,
895 5156 929 5194 an
957 5140 1015 5210 ipsc

225 5241 353 5287 cruentus
363 5230 454 5299 prado
464 5229 597 5295 diabolus,
605 5230 675 5300 quod
684 5228 844 5294 abstulerat,
853 5231 1016 5286 reddidisset

226 5322 336 5387 inritus,
349 5322 467 5377 dubitari
481 5332 580 5392 potest.
596 5323 630 5376 dt
645 5338 697 5377 non
712 5321 828 5377 absurde
839 5322 1012 5388 crediderim,

224 5423 255 5466 ut
269 5413 326 5481 ipse
335 5411 471 5483 malignus
486 5413 582 5477 bostis,
597 5414 668 5482 qnod
687 5413 847 5478 abstulerat,
859 5415 1014 5483 compulsus

222 5501 259 5555 sit
281 5501 434 5565 restituere,
456 5510 536 5572 atque
557 5504 590 5555 ad
614 5501 780 5558 corifusionis
805 5511 832 5557 et
860 5502 1013 5573 ignominiae

222 5592 437 5659 suaecvrumlurn,
453 5593 477 5649 ci
500 5609 580 5663 quem
606 5594 722 5663 laeserat,
742 5606 852 5650 coactus
875 5595 910 5649 sit
933 5595 1015 5648 mini·

222 5691 321 5736 strare.

1068 4876 1158 4921 tamen
1173 4881 1221 4920 aros
1235 4864 1392 4933 trepidando
1409 4863 1583 4933 proferimus,
1595 4863 1657 4933 qnia
1676 4870 1765 4917 utrum
1776 4862 1855 4931 juxta

1067 4956 1204 5013 relationis
1230 4955 1309 5009 fulern
1336 4970 1400 5009 rere
1423 4954 1582 5023 contigerit,
1606 4955 1770 5026 ignoramus.
1795 4951 1853 5010 troc

1067 5061 1156 5107 tamen
1172 5048 1266 5119 procul
1288 5046 1369 5104 dubio
1384 5048 1519 5112 novimus,
1541 5048 1604 5116 quia
1628 5045 1750 5118 quisquis
1762 5045 1854 5116 quoti·

1065 5143 1144 5198 diana
1167 5139 1303 5211 predictis
1332 5139 1407 5194 barris
1433 5137 1519 5193 officia
1544 5138 1570 5191 in
1584 5135 1642 5206 ejus
1662 5136 1784 5190 laudibus
1800 5133 1854 5189 le·

1065 5241 1197 5304 quentare
1220 5231 1365 5301 studuerit,
1379 5232 1538 5302 adjutricem
1553 5231 1670 5294 sibimet,
1687 5243 1719 5283 ac
1732 5227 1853 5297 patroci-

1065 5334 1188 5378 naturam
1214 5324 1298 5393 ipsius
1317 5323 1419 5379 lardieis
1439 5338 1555 5378 marem
1575 5323 1601 5377 iu
1621 5321 1665 5376 die
1683 5318 1854 5375 necessitatis

1065 5415 1192 5483 acquina.
1205 5412 1281 5469 llane
1291 5415 1374 5485 igitur
1385 5413 1478 5468 rudem
1493 5411 1713 5480 scriptiunculam
1727 5419 1756 5464 ct
1769 5411 1855 5465 incul-

1066 5516 1132 5568 tam,
1149 5504 1334 5567 dilectissime,
1346 5503 1443 5572 sapius
1456 5502 1579 5559 iterando
1598 5517 1737 5571 percurre,
1753 5510 1781 5556 et
1799 5516 1852 5557 nau

1064 5595 1190 5665 qualiter,
1203 5595 1249 5649 sed
1259 5592 1323 5665 quid
1335 5593 1451 5655 dicatur,
1464 5590 1573 5645 attende
1589 5607 1596 5644 z
1616 5590 1680 5655 imo,
1696 5598 1725 5645 ut
1750 5591 1787 5645 ita
1811 5589 1852 5643 lo·

1065 5700 1143 5755 quar,
1151 5699 1204 5738 non
1214 5685 1359 5739 verborum
1374 5680 1476 5746 culmo,
1493 5680 1537 5737 rel
1559 5680 1642 5747 foliis,
1665 5682 1711 5737 sed
1737 5680 1851 5736 medrvlla
