4017 6192
189 304 254 385 *its
417 304 447 358 S.
466 301 568 360 estut
588 302 727 359 nablath
747 301 823 359 dre.
844 294 961 360 tortus
977 303 1042 362 SEU
1061 304 1151 361 PARS
1170 306 1212 362 ΙΙΙ.
1232 335 1268 347 -
1281 303 1463 363 bruscum
1483 307 1598 363 tenth.
1786 313 1838 372 ild

169 440 171 443 ’
201 420 352 481 oberrare?
375 420 455 476 ὃοιιιι
476 435 542 491 crgo
561 418 655 476 Simon
669 419 759 489 potuit
777 417 876 475 fluenta
891 418 990 475 restin-
1004 425 1028 482 Λ
1043 418 1065 473 si
1077 432 1125 488 per
1135 408 1397 475 reconsecrationem
1408 417 1541 491 Spiritum
1550 392 1841 486 moctumnohttmeat

200 528 298 587 gnere,
314 522 441 583 tanquam
457 512 527 568 obex
539 512 645 568 medius
658 511 730 568 inter
743 510 845 578 lienam
860 521 888 567 et
902 514 992 570 horrri·
1044 508 1190 580 abnegare.

201 619 266 670 ues,
287 604 436 659 humanum
450 616 536 674 genus
555 600 724 657 aCreatoris
744 599 787 655 nri
800 603 938 658 consortio
951 619 994 659 se·
1079 601 1133 657 Sed
1151 602 1174 658 si
1188 616 1223 658 cs
1239 601 1350 658 decreto
1363 601 1462 659 Felicis
1475 618 1568 674 pape,
1584 604 1629 662 ubi
1652 605 1781 664 nimintm
1805 610 1841 667 de

187 695 314 767 peraret
326 693 416 758 Absit,
429 693 517 758 absit,
531 699 562 748 ut
580 691 665 748 salsus
677 691 759 748 bomo
774 691 911 748 resciudat
921 696 993 764 quod
1043 692 1220 763 rebaptizatis
1233 692 1364 763 loquitor,
1376 693 1461 749 breve
1474 694 1540 764 quid
1553 710 1691 767 apponere
1707 713 1761 755 nnn
1776 704 1842 772 gra·

199 800 281 843 verus
296 785 368 843 Dens
385 792 414 839 et
427 783 509 840 horno
532 782 711 839 consederat.
733 781 829 847 Absit,
852 792 882 838 ut
898 799 993 842 ornnes
1044 798 1152 847 vemor,
1168 781 1222 838 illic
1245 781 1389 838 manifeste
1409 780 1553 853 possumus
1574 785 1703 856 colligere
1714 789 1778 859 qnid
1793 789 1840 844 de·

199 876 323 932 homines
336 876 470 941 obruere,
490 882 518 932 ct
529 874 619 935 divina
634 871 767 931 beneficia
782 873 871 930 valeat
883 890 993 947 perver-
1043 873 1155 929 bcaaus
1170 872 1252 929 etiam
1268 873 1301 928 dc
1315 874 1551 930 reconsecratione
1564 876 1678 931 sentire.
1694 870 1766 933 inter
1785 879 1840 935 alia

199 971 269 1026 sitas
280 970 400 1027 burmann
416 967 534 1024 delere..
1043 962 1177 1033 siquidem
1193 962 1230 1017 ita
1248 961 1425 1033 prosequitur
1447 961 1497 1032 (ne
1517 979 1633 1021 consecr.
1649 964 1712 1022 dist.
1725 966 1758 1034 l,
1777 984 1839 1038 rap.

235 1060 289 1116 Sed
301 1058 376 1129 quid,
391 1072 494 1128 queso,
506 1058 628 1113 dicentur
638 1057 672 1113 de
686 1057 741 1124 bis,
754 1073 824 1130 quos
836 1067 898 1130 post
911 1073 993 1130 nego·
1044 1050 1097 1107 lior
1112 1053 1211 1135 quoqa
1227 1070 1237 1104 r
1256 1051 1320 1115 Eos.
1336 1052 1433 1122 inquit,
1446 1068 1514 1123 nitus
1525 1055 1679 1127 episcopos,
1702 1061 1839 1132 presbytes

198 1150 323 1207 tintinnis
344 1149 467 1207 nefande
491 1149 701 1215 commercium,
718 1164 768 1221 per
790 1150 990 1222 quadragenos,
1043 1158 1105 1204 rus,
1119 1143 1160 1197 vel
1174 1140 1583 1213 diaconosinisseconstiterit,
1598 1155 1626 1203 et
1646 1160 1694 1204 seu
1715 1161 1841 1222 optantes

199 1242 243 1298 vel
266 1242 470 1312 quinquagenos
498 1255 584 1295 aranos
618 1254 703 1310 nsque
732 1240 813 1297 hodie
846 1242 992 1314 aspicimus
1044 1236 1157 1292 torsitao
1173 1246 1343 1294 scucoactos
1358 1236 1460 1293 lavacri
1479 1238 1637 1296 illiusunici
1652 1241 1783 1300 claruerit
1797 1244 1838 1298 lo·

199 1332 368 1403 pontificales
392 1312 491 1386 iniuh's
513 1329 658 1386 obsiderel
677 1328 766 1397 Nam,
789 1338 819 1386 ut
842 1331 876 1388 de
897 1345 991 1387 eoruru
1042 1320 1268 1396 cissejarturam,
1288 1337 1316 1384 et
1333 1328 1482 1397 Christum,
1497 1344 1577 1399 quern
1594 1346 1647 1387 non
1667 1332 1754 1390 solum
1768 1335 1841 1392 dorm

198 1422 443 1496 predecessoribus
459 1431 597 1477 taceamus
615 1421 673 1475 sire
686 1420 837 1491 proximis,
853 1420 912 1478 sive
934 1419 992 1478 lun·
1040 1417 1268 1487 regenerationis,
1283 1421 1473 1474 verumetiam
1488 1420 1575 1491 gratia
1590 1424 1713 1494 percepti
1729 1425 1841 1484 bonoria
1895 1487 1897 1490 ,

198 1516 318 1589 ginquis,
331 1529 400 1585 quos
414 1513 487 1568 idem
509 1511 619 1566 aliunde
637 1512 711 1567 lrrres
731 1512 875 1579 exhibuit,
897 1526 993 1567 omues
1042 1507 1197 1575 induerant,
1208 1510 1326 1575 exuisse,
1341 1525 1404 1565 curu
1418 1519 1528 1566 constet
1538 1511 1674 1567 neminem
1691 1513 1725 1569 ad
1740 1531 1841 1572 seeun-

198 1605 245 1674 qui
256 1603 318 1659 istis
330 1600 523 1673 obrepentibus
537 1609 601 1655 tunc
614 1600 722 1656 luserunt
733 1600 850 1655 ordinati
862 1639 871 1669 ,
885 1599 991 1669 veliam
1042 1600 1105 1655 dam
1124 1600 1282 1657 tinctionem
1295 1599 1389 1657 venire
1401 1594 1532 1671 potuisse,
1548 1602 1599 1658 nisi
1612 1612 1643 1660 se
1657 1604 1747 1675 palam
1759 1606 1840 1663 Chri·

199 1703 263 1751 sunt
284 1708 318 1750 ex
342 1691 395 1748 hac
416 1692 478 1747 luce
501 1689 655 1756 subtracti,
677 1689 719 1747 vel
734 1689 890 1761 caliginose
910 1704 991 1746 sene
1042 1691 1160 1749 stianum
1172 1691 1321 1763 negaverit,
1335 1699 1364 1748 et
1372 1688 1514 1763 prolessus
1525 1684 1609 1750 luerit
1619 1706 1680 1750 esse
1691 1709 1839 1766 paganum,

198 1787 280 1844 ctutis
298 1783 440 1840 obstaculo
461 1782 496 1840 ab
510 1782 672 1843 exercendis
683 1779 779 1838 officiis
793 1793 856 1839 sum
877 1782 990 1849 remoti;
1008 1777 1119 1851 bqood
1130 1796 1191 1837 curn
1207 1782 1371 1853 generaliter
1385 1785 1420 1840 sit
1434 1782 1462 1840 in
1482 1784 1610 1840 omnibus
1629 1787 1839 1857 exsecrandum,

199 1881 270 1937 unde
294 1893 406 1935 neeesse
426 1884 489 1943 est,
509 1883 539 1931 ut
559 1875 586 1930 in
599 1889 695 1931 cortun
716 1868 881 1931 dioece'sihus
900 1873 935 1929 ab
949 1873 992 1929 his
1042 1873 1129 1929 multo
1144 1872 1232 1945 magis
1245 1873 1272 1929 in
1288 1874 1433 1947 episcopis,
1448 1875 1616 1948 presbyteris
1632 1886 1660 1932 et
1678 1879 1841 1937 diaconibus

198 1978 289 2025 tamen
301 1966 409 2023 clericis
430 1980 509 2031 saera
525 1966 664 2036 mysteria
688 1973 870 2034 peragantur,
885 1963 932 2035 qui
956 1964 991 2019 ab
1043 1958 1136 2018 auditu
1165 1962 1261 2020 saltem
1284 1963 1412 2039 dictuque
1435 1967 1566 2037 probatur
1586 1968 1763 2024 horrendum.
1785 1971 1840 2028 Sed

186 2060 243 2123 -iis,
258 2059 305 2129 qui
318 2058 407 2114 adbuc
424 2058 535 2124 virvvnt,
551 2057 714 2115 Sirrroniacis
723 2057 848 2113 ordinem
862 2072 991 2128 suscepe-
1043 2054 1106 2125 quia
1120 2053 1192 2110 idem
1207 2054 1338 2111 Dominus
1353 2065 1436 2128 atque
1451 2052 1577 2114 Salvator
1599 2057 1839 2130 clementissimus,

161 2174 167 2185 ·
187 2161 272 2207 runt.
288 2151 357 2219 Quid
378 2166 443 2223 ergo
455 2150 489 2206 de
502 2150 536 2207 iis
555 2151 726 2209 sentiendum
738 2151 801 2207 est?
815 2149 884 2220 Quid
904 2150 993 2207 laten·
1043 2153 1072 2202 et
1093 2145 1229 2201 nerninem
1252 2146 1310 2201 vult
1328 2147 1434 2216 perire,
1450 2161 1537 2218 usque
1551 2146 1585 2203 ad
1599 2148 1783 2223 exitns130
1797 2154 1841 2209 sui

137 2250 140 2259 ·
198 2238 582 2312 ‹luml129Nunquidna'm
604 2238 655 2295 sub
677 2240 718 2296 eis
740 2239 881 2297 totmillia
904 2240 992 2296 bomi-
1044 2236 1126 2304 diem,
1142 2235 1168 2290 in
1185 2236 1355 2308 poenitentia,
1382 2239 1405 2294 si
1430 2238 1611 2311 resipiscunt,
1629 2239 1723 2313 iacere
1738 2257 1840 2299 conve·

199 2347 264 2385 num
284 2331 374 2400 perire
389 2330 523 2387 credenda
546 2336 627 2395 sunt,
652 2328 700 2399 qui
715 2329 750 2384 ab
773 2329 875 2386 eisdem
900 2344 991 2386 sacra-
1043 2327 1110 2383 nist.
1125 2320 1377 2409 llecarationinon
1393 2330 1474 2386 modo
1491 2328 1627 2399 bdelium,
1642 2332 1690 2388 sed
1704 2343 1841 2389 neccate·

197 2420 282 2476 menti
305 2419 420 2490 gratiam
453 2433 507 2475 non
535 2418 710 2485 lnbentibus,
728 2434 797 2474 rana
827 2422 992 2476 sacramenti
1026 2421 1241 2493 ‚chomanorum
1255 2420 1364 2491 quidem
1379 2421 1543 2478 omnimodis
1562 2408 1715 2487 totems'se,
1739 2424 1840 2496 quibus

199 2508 291 2578 specie
310 2508 496 2564 detoduotort
516 2505 701 2563 llicevrdtrmne
715 2515 757 2563 est
777 2508 891 2579 populo.
906 2517 936 2564 ut
950 2510 993 2565 rel
1042 2511 1200 2567 cummunio
1210 2509 1279 2565 laica
1291 2510 1318 2565 iu
1329 2520 1417 2567 rnorte
1424 2511 1591 2568 redhibenda
1606 2521 1657 2567 est.
1674 2532 1684 2566 r
1700 2512 1729 2568 ln
1740 2514 1841 2584 quibus

199 2600 314 2654 aliarum
337 2598 495 2655 dioecesium
519 2597 676 2657 sacerdotes
697 2598 851 2668 acquirant,
877 2599 920 2655 vel
942 2600 993 2669 ipsi
1043 2600 1166 2672 prolecto
1179 2602 1271 2657 verbis
1282 2602 1348 2659 illud
1361 2611 1403 2659 est
1414 2602 1542 2660 solertius
1552 2602 1725 2671 intuendum,
1740 2606 1803 2676 quia
1816 2606 1839 2662 si

200 2691 428 2763 transmigrantes
439 2690 474 2745 ab
488 2688 533 2756 iis,
543 2689 590 2759 qul
603 2703 657 2744 nun
672 2685 864 2744 aSimoniacis
874 2688 992 2743 ordinati
1045 2693 1229 2763 rebaptizatus
1239 2694 1343 2751 ideirco
1357 2694 1495 2751 Christum
1507 2710 1622 2767 negasse
1639 2697 1770 2755 dicendus
1783 2708 1838 2765 est,

198 2789 273 2845 sunt,
285 2786 456 2835 sacramenta
468 2777 636 2847 percipiant?
647 2775 702 2832 Sed
714 2789 779 2831 ecce
792 2776 864 2831 sacri
876 2790 995 2832 mnones
1044 2770 1107 2855 quia
1127 2794 1189 2855 post
1209 2793 1351 2856 acceptum
1372 2783 1538 2857 baptistarum
1559 2801 1589 2843 se
1606 2789 1745 2861 negaverit
1761 2787 1840 2845 Chri·

199 2872 376 2927 vehementer
388 2869 534 2934 obsistunt,
548 2877 575 2923 et
587 2869 647 2925 sine
659 2865 746 2923 lorma
764 2866 898 2939 pontilicis
914 2883 994 2938 paro·
1044 2874 1178 2941 stianum3
1195 2874 1219 2930 is
1228 2875 1321 2939 etiarn,
1337 2874 1384 2946 qui
1396 2875 1627 2934 reconsecrandus
1640 2879 1761 2942 accedit,
1776 2878 1839 2935 ideo

198 2961 322 3016 chiorum
334 2959 447 3015 limitem
459 2959 691 3023 transcendentes,
710 2972 725 3013 a
744 2958 934 3014 communione
952 2972 995 3015 re·
1045 2961 1176 3034 Spiritum
1191 2972 1315 3020 sanctum
1336 2979 1450 3036 negasse
1473 2965 1662 3034 convincitur,
1689 2967 1752 3038 qnia
1776 2983 1840 3024 cnm

199 3050 312 3122 pellunt.
327 3049 375 3107 llis
389 3049 473 3120 igitur
486 3049 647 3119 quandoque
659 3047 795 3115 consulti,
816 3049 888 3120 quod
902 3050 994 3106 eorm·
1045 3059 1107 3122 pest
1117 3052 1353 3110 consecrationem
1368 3053 1500 3125 Spiritum
1514 3067 1637 3113 moretum
1652 3071 1683 3113 se
1696 3073 1750 3113 non
1761 3072 1841 3116 acee-

195 3147 266 3204 lium
291 3144 433 3201 dabirunsi
453 3144 557 3212 Qaibus
581 3142 710 3198 nimirum
722 3140 800 3213 juata
821 3142 993 3213 dispensate·
1006 3116 1029 3178 Β
1042 3143 1117 3215 pisse
1130 3144 1257 3198 testatur.

199 3240 247 3295 rie
257 3235 417 3293 assertionis
429 3234 556 3291 inertiam
570 3248 620 3290 nec
636 3234 768 3304 indigene
778 3233 884 3305 possiunt
894 3242 993 3305 myste·
1078 3233 1296 3290 Cscnnsecratus
1309 3247 1375 3306 ergo
1395 3248 1411 3288 a
1427 3235 1596 3306 rebaptizato
1610 3251 1780 3309 nequaquam
1796 3238 1838 3295 di·

199 3333 240 3388 ris
255 3345 333 3388 sacra
352 3327 474 3393 tradere,
492 3340 542 3382 nec
563 3324 598 3380 ad
619 3334 763 3381 extraneos
782 3324 915 3382 monnica
929 3338 992 3396 per-
1043 3339 1121 3381 versa
1135 3324 1310 3382 damnatione
1323 3324 1464 3393 dividitur,
1485 3341 1547 3384 cnm
1570 3326 1698 3384 nimirum
1714 3329 1773 3399 pari
1790 3331 1840 3385 im·

198 3424 324 3481 invittatus
342 3419 507 3479 auctoritate
530 3416 658 3472 transire.
679 3414 722 3473 nd
743 3414 905 3486 largissime
927 3428 993 3486 ergo
1045 3414 1154 3488 pictatis
1171 3414 1278 3488 piaculo
1290 3414 1422 3483 sociator,
1433 3415 1619 3475 nisilortassis
1631 3426 1660 3475 et
1672 3419 1745 3476 bunc
1757 3419 1841 3476 scele-

196 3514 297 3571 divine
310 3510 419 3584 pietatis
431 3506 558 3579 injuriam
573 3504 737 3563 inevitabilis
750 3504 880 3587 pereundi
895 3518 993 3560 neces·
1043 3510 1130 3568 ratitts
1140 3525 1254 3590 peccare
1264 3510 1326 3581 quis
1335 3520 1441 3568 asserat
1452 3521 1564 3584 propter
1574 3514 1639 3581 hoc,
1648 3515 1721 3585 qood
1734 3513 1841 3575 Veritas

197 3605 268 3663 otras
281 3601 336 3661 tus
350 3598 519 3670 immorior,
540 3593 781 3667 quartusomne
800 3592 921 3663 undem
940 3591 995 3648 cir·
1043 3602 1109 3660 oron
1122 3620 1154 3656 :t
1171 3601 1239 3669 outa
1251 3602 1441 3675 qotpsoooto
1454 3603 1733 3676 promeranda,
1746 3608 1842 3665 eontr-

197 3679 702 3756 eutnelusisnrrllosalutarisconiugii
719 3683 846 3741 remedio
866 3682 994 3740 subveni·
1039 3692 1111 3770 Διῑιιη
1127 3691 1169 3758 e13
1193 3692 1240 3762 qut
1263 3700 1354 3748 aurem
1378 3701 1475 3764 poocag
1496 3691 1524 3749 in
1553 3694 1684 3766 spirirum
1702 3692 1840 3767 megum,

199 3784 254 3845 turi
271 3784 370 3842 Verum
392 3797 444 3843 nos
466 3779 567 3839 diutim
580 3777 707 3853 persequi
728 3776 781 3834 ista
793 3773 992 3847 noeipwimfll.
1043 3797 1132 3854 nsque
1152 3783 1198 3839 hic
1218 3783 1384 3850 remittitur,
1401 3798 1489 3859 neque
1504 3784 1531 3840 in
1551 3783 1644 3843 iuturu
1658 3787 1766 3860 (Batti.
1784 3804 1840 3855 ως

198 3886 229 3935 ¹¹²
242 3891 304 3949 <1⁰²
318 3874 422 3931 “dilui
448 3871 544 3933 *Μ
566 3869 689 3942 dilen&
714 3876 798 3935 ΜΝ,
820 3866 994 3939 iiiieffih‘ntla
1044 3872 1110 3929 Coc.
1124 3872 1187 3945 xva).
1204 3892 1214 3927 s
1234 3872 1270 3929 m
1283 3887 1379 3930 revera
1397 3873 1420 3931 si
1434 3874 1632 3933 catholieomm
1647 3877 1736 3935 edicta
1750 3878 1841 3951 ponti·

197 3967 300 4040 potios,
315 3980 397 4038 quam
415 3962 530 4036 legenda
543 3974 618 4017 sane
637 3956 850 4029 mentisjudicio
863 3955 995 4028 relinqui·
1044 3964 1126 4022 dcum
1148 3966 1317 4037 propensiori
1339 3965 1489 4023 subtilitate
1502 3966 1671 4034 discutimus,
1687 3969 1842 4029 inventuros

200 4074 276 4125 mus;
298 4047 995 4128 ulpaueitwbriltilecwfidssfflhd⁰dfflifi⁸htb
1044 4056 1164 4128 aliquam
1189 4055 1333 4119 ,beerttiam
1363 4057 1392 4112 in
1424 4057 1639 4128 rebaptizatione
1663 4060 1840 4131 permissam,

197 4151 242 4223 ius
261 4156 386 4205 auctores
403 4154 512 4216 quante
525 4141 754 4214 impossibilitatis
774 4156 852 4200 error
864 4141 993 4200 tamtvat.
1044 4161 1126 4219 quam
1141 4154 1216 4204 certe
1228 4146 1349 4202 videmus
1362 4146 1591 4204 reconsecrationi
1615 4147 1738 4206 funditus
1759 4150 1844 4207 dene·

487 4234 602 4293 cerba
619 4233 706 4291 XXX.
1044 4236 1135 4307 galam
1148 4234 1180 4307 (r,
1196 4242 1292 4306 quest.
1309 4233 1341 4300 l,
1356 4231 1434 4301 Quod
1446 4235 1573 4307 quidemr
1595 4250 1616 4303 t,
1631 4250 1661 4306 q.
1676 4235 1709 4302 l,
1727 4234 1759 4293 st
1771 4224 1841 4310 qai).

226 4335 304 4404 Quod
316 4331 498 4403 νώιμιίιαιὶο,
509 4338 533 4384 et
547 4328 795 4398 renumeratione
805 4326 904 4382 crimen
915 4333 963 4381 ert.
1045 4325 1114 4382 Nam
1127 4324 1150 4382 si
1164 4330 1226 4397 que
1239 4324 1365 4396 superius
1377 4324 1450 4381 dicta
1463 4331 1527 4381 sunt
1542 4324 1674 4382 memoria
1686 4340 1741 4381 non
1754 4327 1843 4396 patia-

234 4426 304 4495 Qoia
317 4423 412 4499 igitur,
429 4429 459 4477 ut
472 4421 507 4476 de
520 4417 799 4475 mmosocmttontbos
809 4416 993 4488 loquerentur,
1046 4416 1519 4482 morereidere,animadvertimusa
1528 4415 1714 4484 Paulianistis,
1726 4416 1842 4488 aliisque

201 4524 383 4591 mrvgruenter
397 4512 537 4576 occurrit,
558 4517 643 4580 atque
656 4509 684 4564 id
698 4508 785 4564 solum
808 4509 873 4568 huic
892 4518 994 4568 nostre
1010 4473 1183 4567 Dhaereticis
1195 4508 1327 4579 Spiritum
1340 4518 1465 4565 sanetum
1479 4523 1534 4564 uon
1550 4507 1731 4573 habentibus,
1750 4507 1841 4579 bapti-

200 4604 443 4668 tocubratluneole
468 4602 578 4659 tlemom
603 4607 709 4665 restat,
734 4613 816 4669 super
838 4599 891 4658 bne
911 4599 994 4658 etism
1045 4608 1122 4657 ratos
1144 4598 1308 4671 rebaptizari
1333 4597 1495 4671 regulariter
1515 4607 1652 4671 oportere.
1673 4596 1726 4654 libi
1750 4607 1842 4655 tamen

200 4705 342 4766 chemate,
365 4697 409 4756 vel
432 4693 571 4752 succincte
597 4707 647 4749 nos
673 4699 791 4746 tractare
815 4705 868 4745 non
893 4690 992 4761 pigeat.
1045 4691 1198 4762 baptismus
1212 4688 1372 4746 iterarinon
1387 4689 1498 4755 dicitur,
1512 4689 1576 4758 qnia
1591 4688 1744 4756 baptismos
1757 4685 1843 4743 luisse

199 4795 285 4853 Plane
305 4790 352 4862 qui
376 4786 449 4845 sacri
472 4783 573 4855 eloquii
596 4781 680 4838 limen
699 4780 843 4839 consuevit
863 4788 993 4845 atterere,
1046 4781 1185 4838 immunda
1208 4781 1284 4852 prior
1307 4779 1411 4836 ablutio
1432 4793 1486 4834 nou
1512 4777 1629 4833 videtur.
1646 4776 1841 4833 liecensecrari

200 4880 444 4955 rebaptizationem
467 4885 497 4932 et
517 4871 779 4931 reconsecrationem
803 4869 854 4926 snb
872 4868 994 4939 eiusdem
1046 4884 1179 4943 autema
1201 4886 1365 4944 quocunque
1386 4869 1577 4927 hereticorum
1597 4883 1698 4939 genere
1719 4866 1841 4933 veniant,

199 4972 334 5034 examinis
351 4968 446 5024 didicit
465 4967 543 5022 lance
559 4978 682 5035 pensare.
700 4961 863 5019 sicutenim
877 4959 994 5032 rebapti·
1047 4980 1158 5036 prorsus
1177 4971 1332 5035 nequeunt;
1349 4961 1481 5034 quiahoc
1497 4960 1569 5016 sacri
1589 4970 1707 5015 canones
1728 4958 1842 5014 omuino

199 5075 279 5123 ratus
288 5060 439 5125 Christum,
449 5069 530 5127 quem
543 5048 992 5115 indotatas,exuisseoonvmdmr,
1047 5053 1192 5125 retugium.
1208 5053 1381 5124 Quapmpter
1393 5051 1460 5107 satis
1475 5046 1617 5116 miramur,
1639 5060 1690 5105 eur
1711 5046 1766 5102 tam
1780 5062 1843 5117 pro-

200 5161 240 5216 ita
255 5155 404 5219 nimirum,
423 5157 452 5207 et
474 5152 682 5205 reconsecratus
704 5142 834 5213 Spiritum
857 5149 993 5207 sanetum,
1047 5145 1150 5217 digiosa
1164 5146 1273 5216 quidam
1288 5145 1411 5200 cecitate
1424 5142 1582 5205 vesaniant,
1600 5150 1631 5196 ut
1646 5155 1663 5195 a
1676 5138 1842 5195 simoniacis

201 5266 283 5323 quem
297 5252 458 5317 temporalo
482 5240 623 5299 evidenter
647 5237 780 5309 embaldi
807 5230 950 5292 amisisse:
965 5241 994 5290 el
1048 5239 1200 5304 ordinatos,
1216 5237 1305 5293 denuo
1322 5235 1523 5293 consecrandos
1535 5248 1596 5290 esse
1609 5234 1760 5289 decertent.
1773 5230 1843 5285 illud

201 5358 264 5400 cum
284 5339 384 5399 summi
398 5334 482 5394 Verbi
505 5342 588 5406 atquc
613 5329 745 5387 Paracleti
774 5345 829 5389 nna
855 5327 993 5395 diviuitas,
1047 5326 1182 5398 siquidem
1196 5324 1368 5399 promulgant
1387 5339 1469 5395 super
1493 5321 1713 5379 Simoniaeornm
1731 5320 1844 5377 crdirta·

201 5434 297 5491 eadem
308 5427 485 5503 pmeuldubin
495 5425 623 5482 credatur
631 5422 761 5485 essentia,
772 5421 819 5492 qni
834 5434 916 5475 urtam
933 5434 994 5489 per·
1046 5423 1120 5478 tinne
1134 5421 1282 5484 decretum,
1307 5419 1381 5491 quod
1399 5419 1452 5475 illis
1467 5419 1549 5475 etiam
1564 5416 1695 5473 absonum
1710 5415 1845 5488 probator

179 5567 182 5571 .
202 5527 244 5583 dit
258 5522 373 5579 alterum
386 5537 440 5577 nott
454 5518 583 5584 habebit3
601 5524 684 5585 atque
699 5513 760 5569 ideo
771 5507 847 5568 'sicut
860 5509 994 5566 edanum
1047 5515 1192 5580 hereticis,
1200 5515 1248 5586 qui
1259 5513 1417 5569 orthodoxe
1426 5510 1488 5568 lidei
1499 5526 1536 5568 ne
1545 5509 1720 5580 perexiguum
1732 5508 1842 5578 quadem

124 5618 130 5633 ‘
202 5624 256 5681 eet,
273 5615 296 5673 si
308 5614 370 5683 quis
383 5627 432 5683 per
449 5610 622 5667 iterationem
641 5606 768 5678 baptismi
785 5605 950 5662 Christuma
965 5618 995 5658 se
1049 5605 1174 5661 videntur
1186 5592 1454 5675 babere'vcstigium.
1472 5601 1666 5657 lleretieorunt
1680 5612 1778 5668 nempe
1795 5596 1842 5652 abr

204 5712 352 5781 presumat
367 5701 521 5772 erpellere:
536 5702 572 5756 ita
595 5698 770 5757 nihilominus
789 5696 994 5762 exsecrandum,
1048 5704 1129 5752 recte
1151 5696 1214 5751 ildei
1236 5706 1309 5761 sunt,
1325 5703 1353 5750 et
1371 5694 1398 5749 in
1414 5691 1609 5763 suisgradibus
1620 5689 1783 5760 recipiendi,
1796 5686 1843 5743 alil
