4017 6192
178 262 244 318 liii
692 263 737 320 bt
758 261 998 323 PETlTth'lBUS
1017 265 1217 328 le'tilbdllli.
1237 267 1314 324 ETC.
1689 333 1704 358 ἦ
1745 275 1823 337 Ηῖῦ

175 393 258 441 oruc,
270 375 333 448 qnia
348 375 490 432 mitiorum
503 383 531 432 et
545 374 655 432 humilis
666 378 758 442 eorde.
769 388 798 433 et
819 377 964 433 invenietis
979 386 1001 441 ,ι
1017 376 1087 433 lunas
1105 376 1262 434 solemnitas
1289 394 1387 436 noram
1413 378 1537 453 designat
1556 380 1583 438 ia
1611 382 1722 443 houdue
1751 389 1812 447 deri

176 468 298 538 requiem
319 467 461 524 animabus
481 468 582 523 restris
596 466 705 538 (harri.
717 484 744 523 rr
767 469 789 541 ).
807 487 817 521 ι
842 467 966 525 carnalis
1020 480 1185 536 mmmmm.
1198 470 1232 527 de
1245 487 1299 542 qtta
1320 471 1385 527 dicit
1396 471 1563 543 Apostolus:
1581 495 1591 528 ι
1607 475 1636 532 st
1656 493 1710 549 qua
1731 480 1814 551 igitur

174 573 240 633 ergo
256 559 478 617 Sabbatieoltum
490 574 687 630 supervacuum
700 560 827 623 dicimus.
839 560 966 629 cumjarn
1019 561 1047 616 in
1067 561 1178 618 christo
1201 579 1270 619 nota
1289 573 1437 632 creatura,
1458 575 1551 623 vetera
1572 577 1757 640 transierunt,
1786 585 1814 630 et

176 652 241 708 illud
252 667 347 707 rerum
364 661 391 707 et
406 650 587 716 salutiferum,
602 662 714 722 pmpter
726 651 799 723 quod
811 650 966 708 institutum
1020 665 1084 708 ecce
1102 651 1171 708 iaetu
1185 663 1249 708 sont
1262 653 1353 710 omnia
1369 669 1438 709 nora
1451 654 1493 726 (tl
1509 655 1571 712 Cor.
1586 657 1625 727 r).
1641 677 1651 711 ι
1775 637 1780 644 ’

175 744 416 811 csteelebramus.
1058 742 1159 809 Quen.
1175 744 1202 800 8.
1222 743 1251 801 Si
1266 745 1392 802 Christus
1406 762 1460 802 nort
1478 748 1555 804 renit
1577 748 1664 820 legem
1688 751 1813 822 solvere,

212 836 315 905 Quart.
333 836 360 891 3.
375 836 404 892 Si
421 828 547 892 Christos
565 850 619 891 non
636 835 710 890 venit
730 836 817 905 legem
839 834 966 902 solvere,
1022 832 1310 890 eurChristianusilia
1330 834 1499 892 ablutionum
1518 837 1682 909 baptismata
1696 858 1756 913 quae
1770 842 1812 900 les

175 929 224 985 sed
237 927 360 999 implere,
374 941 425 982 cur
436 926 609 984 Christianus
620 925 732 994 negligit
744 925 868 981 ciborum
888 924 966 980 dilic-
1021 924 1143 995 precipit
1156 940 1210 980 non
1227 925 1373 981 observati

175 1016 811 1098 retrtiamquaeiolegepraecipiturohserrarii
1058 1012 1188 1084 llerpom.
1218 1014 1281 1071 ideo
1314 1016 1373 1071 haee
1398 1011 1560 1074 Christianae
1586 1035 1640 1076 uon
1673 1034 1814 1081 meremur

212 1111 341 1183 llerpum.
364 1110 422 1167 imo
444 1110 547 1166 idcirco
578 1110 636 1165 bac
666 1107 864 1166 achriatiauis
891 1107 967 1164 eibo-
1021 1104 1203 1162 observantias
1221 1108 1325 1163 cultum
1341 1149 1349 1174 ‚
1367 1090 1430 1178 qutia
1451 1110 1812 1171 tuocumhraeluemotlu·

176 1218 236 1259 rtnn
252 1201 406 1259 differentia
421 1216 476 1257 non
495 1200 664 1263 admittitur:
681 1200 809 1271 qnoniam
827 1198 967 1255 aChristo
1022 1204 1146 1252 tororum
1166 1211 1283 1267 quornm
1297 1213 1368 1255 nunc
1391 1199 1566 1270 perspicuum
1585 1203 1755 1272 possidemus
1774 1210 1813 1264 el·

175 1292 247 1362 quood
270 1292 414 1369 perhanc
436 1289 762 1363 hgurabamrimpletnr.
793 1286 966 1344 immunditia
1020 1287 1131 1345 ieetum.
1148 1307 1158 1342 ι
1175 1289 1332 1362 Cortscpnlti
1355 1292 1428 1347 euim
1453 1308 1547 1351 sumus
1574 1294 1683 1354 Christo
1703 1314 1751 1370 per
1766 1302 1811 1357 ha·

175 1385 286 1454 quippe,
301 1397 362 1454 quae
376 1391 440 1438 tutte
450 1382 599 1438 canebatur
612 1380 639 1436 io
654 1380 738 1460 cihis,
753 1394 826 1435 nune
840 1380 868 1434 itt
885 1378 967 1434 mori-
1020 1382 1149 1450 ptismom
1169 1382 1196 1439 in
1208 1392 1313 1447 morte:
1330 1394 1359 1439 ot
1372 1387 1507 1456 quomodo
1522 1375 1642 1446 surr'erit
1653 1391 1779 1451 Christus
1798 1413 1814 1452 a

174 1473 226 1530 hus
246 1474 408 1544 reprobatur
421 1471 555 1528 humanis.
573 1470 648 1527 Sicut
669 1470 742 1526 enim
756 1469 843 1525 sancti
866 1468 967 1539 quique
1021 1474 1136 1529 mortuis
1157 1489 1206 1546 per
1228 1474 1342 1548 gloriam
1362 1475 1463 1546 Patris,
1478 1479 1520 1536 sic
1538 1490 1567 1550 et
1586 1498 1637 1540 nos
1651 1483 1677 1539 ln
1692 1489 1814 1547 novitate

174 1581 208 1620 ac
231 1566 297 1637 justi
312 1566 516 1622 transferuntur
530 1564 558 1620 in
572 1563 651 1634 271
670 1576 770 1632 corpus
792 1560 892 1616 Christi
904 1578 912 1622 ;
926 1560 967 1616 sic
1018 1567 1083 1626 ritae
1096 1569 1268 1626 ambulemus
1280 1570 1368 1642 (Rom.
1381 1574 1430 1643 ιι).
1449 1592 1459 1627 ι

175 1656 211 1710 ah
233 1671 267 1711 eo
282 1655 390 1726 reprobi
407 1662 440 1711 et
458 1653 544 1725 iniqui
567 1665 697 1724 tanquam
721 1651 775 1707 cihi
798 1649 967 1722 remetiuntur
1056 1680 1157 1747 Qum·
1167 1682 1194 1739 9·
1209 1681 1238 1739 si
1250 1683 1293 1739 ,Η
1307 1699 1322 1739 a
1336 1683 1446 1741 cmm
1458 1685 1567 1757 immega
1580 1697 1633 1754 est,
1646 1705 1699 1745 non
1714 1692 1814 1756 mlum·

174 1748 320 1895 mundi·
336 1748 483 1852 P⁰⁵fq¹¹²¹¹¹
503 1762 569 1850 Q
583 1743 966 1859 5P⁸²‚v⁰'i‚¹²⁸‚‘¹¹¹aea⁸iss¹¹is¹'
980 1760 1006 1819 Β
1020 1773 1084 1845 quid
1098 1774 1215 1831 rationis
1235 1776 1364 1845 oljieitnr
1379 1786 1409 1832 ιιι
1430 1793 1448 1833 a
1470 1777 1633 1837 Christianis
1647 1787 1815 1855 montnptgir

245 1848 289 1896 ror
305 1838 416 1895 adrem:
431 1878 439 1905 .
460 1846 560 1894 merito
579 1836 785 1908 significationis
799 1851 895 1892 umora
908 1850 968 1892 ces·
1019 1863 1179 1920 solemn„
1192 1881 1245 1921 non
1258 1867 1386 1921 comm

174 1929 256 1985 ιιιίι.
287 1965 289 1968 .

211 2021 311 2089 Qsoert.
327 2020 355 2077 l.
372 2019 401 2076 Si
418 2020 544 2077 Christus
563 2035 616 2074 non
639 2020 713 2075 retrit
734 2018 820 2089 legem
836 2016 967 2082 soluere,

173 2115 222 2171 sed
237 2114 362 2185 impiere,
377 2127 427 2168 cur
438 2122 466 2167 et
484 2111 643 2170 animalium
661 2111 790 2166 cantibus
800 2111 967 2166 sarrilicinm

175 2206 231 2261 lieo
244 2203 417 2261 Christianus
430 2216 483 2257 nort
498 2209 578 2256 curat
591 2197 710 2254 oderrei

209 2293 335 2363 limpom.
358 2290 416 2350 lma
441 2291 545 2347 idcireo
572 2305 588 2345 a
616 2288 783 2345 Christianis
815 2285 968 2356 hujusmodi

174 2383 340 2442 sacrilieium
362 2397 417 2438 non
431 2380 563 2448 odertur;
579 2380 643 2451 quia
656 2380 787 2451 quidquid
811 2379 838 2434 in
856 2378 910 2434 illis
923 2379 970 2433 ho·

174 2476 235 2531 stiis
250 2474 337 2547 typice
348 2472 513 2545 gerebatur.
528 2480 615 2527 totum
630 2471 657 2526 iu
673 2469 859 2526 immolatione
874 2467 944 2540 Agui
959 2509 967 2534 ‚

176 2568 249 2639 oqui
266 2565 336 2622 totttt
358 2574 470 2637 peccatu
499 2563 591 2619 muudi
614 2560 708 2634 (toan.
735 2564 777 2630 ι).
795 2580 805 2612 ι
833 2560 970 2615 ueraciter

174 2656 360 2728 adimpletur:
382 2663 411 2711 et
433 2653 497 2725 quia
524 2651 615 2708 omnia
641 2651 687 2707 illa
716 2650 753 2705 nil
772 2650 845 2706 aliud
872 2648 969 2704 salutis

175 2745 322 2810 habebant,
336 2743 390 2800 uisi
403 2750 434 2799 ut
454 2742 556 2798 adhoc
574 2750 698 2797 nostrum
717 2739 882 2797 marineium
898 2754 968 2794 una·

175 2838 286 2894 nimiter
301 2836 454 2901 tenderent,
468 2835 521 2891 hoc
536 2851 622 2892 unum
639 2833 729 2890 omnis
742 2833 967 2906 ceremoniarum

1057 1976 1183 2049 llerpom.
1206 1978 1422 2035 'sabernaculum
1444 1980 1492 2039 bet
1517 1984 1635 2041 societas
1655 1994 1697 2041 est
1721 1987 1814 2059 populi

1018 2068 1177 2134 Christiani,
1189 2076 1217 2125 et
1229 2071 1357 2141 quoniam
1376 2071 1440 2127 illnd
1464 2072 1668 2131 tabernaculum
1690 2086 1814 2133 sanctam

1019 2156 1211 2227 praefigurabat
1227 2157 1376 2215 Ecclesiam
1390 2202 1397 2224 ,
1412 2165 1596 2220 contemuitur
1610 2166 1717 2237 signum
1739 2179 1812 2240 post·

1019 2257 1101 2318 quam
1122 2247 1197 2302 renit
1217 2252 1290 2317 quod
1317 2252 1406 2306 luerat
1429 2255 1633 2324 praesignatum.
1665 2255 1721 2315 Nee
1741 2260 1815 2316 ertint

1019 2339 1158 2394 diceretur
1172 2339 1376 2396 tahemaculom
1397 2342 1565 2410 testimonii,
1580 2346 1632 2401 nisi
1647 2347 1729 2419 272
1747 2359 1815 2405 atte-

1019 2438 1139 2486 staretur
1161 2428 1242 2487 alicui
1260 2446 1321 2502 quae
1341 2431 1504 2490 declaranda
1523 2444 1604 2491 erant
1620 2452 1670 2493 stro
1694 2447 1815 2512 tempore

1018 2523 1151 2579 veritatis.
1166 2522 1243 2591 Quod
1255 2524 1346 2594 itaque
1366 2532 1432 2580 tunc
1447 2527 1578 2598 agebatur
1593 2539 1730 2600 praecepto
1746 2531 1816 2604 ligu-

1019 2623 1132 2678 ratom,
1159 2627 1233 2669 nune
1260 2615 1471 2684 praesentialiter
1503 2618 1627 2675 cernitur
1659 2622 1816 2678 testimonio

1020 2706 1169 2763 revelatum
1184 2724 1193 2763 a
1206 2714 1234 2763 et
1252 2723 1313 2763 cum
1328 2705 1383 2777 iam
1400 2709 1427 2763 id
1442 2711 1515 2781 quod
1532 2710 1702 2783 figurabatur
1717 2716 1816 2787 aspici·

1020 2817 1077 2866 aur,
1088 2800 1161 2870 qood
1176 2799 1310 2872 dgnrabat
1321 2801 1488 2873 superfluum
1504 2820 1552 2874 per
1562 2805 1815 2878 omuiajudicatur.

175 2929 321 2984 diversitos
344 2927 520 2999 designaret,
546 2935 689 2996 postquam
713 2923 803 2979 hostia
822 2922 969 2995 siugtdaris
1056 2908 1156 2977 Qiioed·
1171 2909 1213 2966 ¹⁰·
1231 2911 1401 2969 Sicllilsliss
1415 2910 1502 2984 leiim
1521 2915 1628 2973 ⁸⁰¹i0t0
1648 2916 1753 2984 noluit.
1767 2922 1815 2977 scd

175 3019 282 3088 illuxit,
303 3016 443 3088 tuuitiplcr
466 3016 562 3073 umbra
582 3031 642 3087 quae
659 3015 829 3088 praecedebat
844 3015 965 3071 stertuit.
1021 2999 1146 3072 mileses
1173 3016 1258 3072 ‘lddie
1282 3001 1455 3060 ammanus
1476 3007 1622 3076 septimum
1645 3009 1816 3069 ῐθιιιῐιδὶῡιιὶδ

175 3112 242 3181 Quis
264 3112 336 3168 enim
363 3111 467 3168 nesciat
479 3110 574 3166 eadem
592 3108 727 3166 sacritieia
755 3108 847 3179 potius
865 3108 901 3163 ad
915 3109 968 3166 hec
982 3100 1006 3164 C
1021 3107 1135 3161 iduum·
1148 3094 1282 3150 soterian
1292 3093 1433 3165 lubilaelffll
1449 3096 1561 3170 ”elifiiil
1574 3100 1738 3159 θῦὓθῐῖθῐθῗ

175 3203 349 3283 iuphedieudt
376 3201 492 3274 popolo,
519 3214 553 3257 ne
571 3216 633 3256 cum
660 3200 740 3256 idolis
762 3198 965 3265 fornicaretur.
1056 3205 1184 3276 llerpom.
1200 3206 1334 3273 Quoniam
1349 3206 1458 3263 Veritas
1472 3224 1505 3263 ac
1520 3208 1659 3279 Sapientia
1680 3212 1741 3280 liei,
1754 3228 1815 3285 qttae

175 3297 326 3368 imposita,
360 3311 442 3367 quam
469 3293 525 3351 lieo
552 3303 681 3365 tanquam
709 3294 766 3364 ipse
800 3292 969 3350 desideraret
1019 3310 1081 3350 oum
1093 3295 1190 3352 doceat
1200 3294 1312 3367 angelos
1325 3296 1352 3351 iu
1366 3296 1455 3358 eoelo.
1476 3298 1602 3356 hornines
1618 3301 1702 3357 etiam
1714 3302 1814 3361 docere

173 3389 282 3447 „phur
1020 3385 1138 3442 venitin
1158 3394 1240 3441 terra.
1256 3387 1333 3454 Quod
1354 3389 1431 3459 prius
1448 3388 1569 3456 jusserat
1587 3391 1738 3450 carnaliter
1763 3398 1814 3451 suh

210 3478 312 3546 Quem.
329 3477 356 3534 5.
381 3476 410 3533 st
433 3476 559 3534 ctnistos
574 3490 629 3532 non
643 3473 717 3530 venit
736 3474 824 3545 legem
838 3472 966 3533 solvere.
1018 3476 1170 3548 aenigmatis
1200 3476 1295 3533 umbra
1325 3478 1450 3543 serrari,
1477 3480 1650 3548 postmodnm
1674 3482 1815 3555 discipulis

174 3570 376 3643 redimplere,
399 3586 450 3626 eur
476 3569 648 3626 christianus
668 3583 792 3641 azymam
814 3583 896 3639 quant
923 3568 967 3623 ler
1019 3568 1076 3624 suis
1088 3566 1266 3636 spiritualiter
1290 3568 1430 3624 mandarit
1449 3567 1573 3640 intelligi.
1594 3567 1641 3627 Sic
1659 3571 1732 3627 euim
1754 3573 1820 3628 dies.

174 3661 296 3733 praeeipit
307 3675 361 3716 non
371 3661 515 3717 observati
1018 3660 1151 3732 septimos
1162 3657 1274 3715 leriatus
1288 3672 1349 3715 esse
1358 3660 1516 3733 praecipitur
1528 3673 1559 3721 ut
1570 3671 1673 3719 aeterua
1688 3680 1737 3735 per
1749 3681 1813 3724 euru

211 3750 337 3821 liespom.
352 3750 485 3806 idcircor
499 3748 663 3806 Christianis
676 3748 791 3804 risibilis
804 3746 849 3804 illa
865 3756 894 3803 et
907 3763 968 3804 cor·
1018 3751 1127 3821 requies
1136 3752 1303 3824 designetur.
1317 3752 1364 3809 Sic
1376 3763 1404 3810 et
1419 3754 1446 3809 iu
1457 3770 1529 3813 anno
1548 3757 1727 3826 reprimeris
1745 3769 1773 3816 et
1786 3761 1817 3815 irt

174 3839 277 3912 puralis
298 3853 393 3908 azyma
419 3837 641 3909 floccipenditnr;
669 3837 797 3909 quoniam
817 3848 967 3909 expurgato
1017 3840 1150 3907 inhibeo,
1169 3843 1216 3914 qui
1230 3859 1278 3913 per
1292 3858 1426 3900 annorum
1440 3823 1573 3902 circulum
1589 3850 1746 3918 septenario
1764 3867 1816 3907 mt-

173 3931 276 3988 roteris
288 3932 351 3986 ritrs
363 3930 507 3993 lermetrto,
531 3943 600 3987 nom
614 3930 775 4001 conspersio
788 3928 968 4000 spiritualiter
1017 3946 1095 3987 mero
1117 3932 1218 4002 septies
1236 3930 1368 4003 replicato
1387 3942 1415 3989 et
1430 3935 1547 3991 monade
1568 3938 1744 4006 superaddita
1759 3977 1769 4004 .
1786 3940 1813 3995 in

175 4023 348 4095 adimpletur.
365 4021 442 4078 Tunc.
464 4022 536 4077 enim
550 4032 612 4079 erat
624 4022 694 4094 legis
715 4022 850 4093 scriptura
867 4037 968 4092 praeee-
1018 4019 1283 4091 quinquagenarium
1303 4021 1431 4088 ducitur,
1451 4038 1548 4078 sectura
1574 4025 1654 4095 quies
1675 4037 1813 4098 perpetum

174 4124 260 4186 ptum,
273 4129 345 4171 trurrc
361 4122 404 4170 est
421 4114 624 4180 testimonium,
639 4123 668 4170 et
680 4121 822 4184 postquam
846 4112 872 4167 id
893 4112 966 4182 rpood
1017 4109 1197 4167 beatitudinis
1221 4112 1374 4168 intimatur.
1401 4111 1551 4185 incipiente
1572 4115 1673 4186 quippe
1699 4116 1813 4173 luldhen

173 4206 377 4281 signideabator
397 4205 522 4273 adsentit,
538 4206 591 4262 hoc
607 4205 680 4278 quod
699 4204 869 4278 stgntdmbat
883 4203 968 4261 iuter·
1019 4203 1091 4260 tubis
1117 4205 1246 4271 canitur,
1261 4220 1411 4278 omnesque
1432 4207 1465 4262 ad
1488 4209 1674 4279 possessiones
1688 4212 1816 4282 proprius

175 4298 218 4355 ιη,
1018 4301 1203 4351 revertuntur.
1218 4295 1299 4363 Quia,
1312 4296 1382 4352 sicut
1403 4297 1470 4354 dicit
1480 4297 1646 4369 Apostolus:
1662 4317 1671 4351 ι
1686 4301 1746 4372 lpse
1761 4301 1817 4364 bo,

208 4389 309 4457 Qsoest.
323 4388 351 4446 6.
371 4388 400 4446 Si
416 4388 543 4446 Christos
564 4389 651 4460 legent
673 4387 748 4443 seuit
760 4385 893 4458 implere.
916 4402 966 4442 cur
1018 4385 1109 4441 naious
1127 4384 1154 4440 iu
1164 4384 1262 4455 jussu,
1283 4396 1307 4441 et
1331 4386 1359 4442 in
1380 4402 1447 4444 uoce
1464 4388 1641 4460 archangeli,
1657 4398 1685 4446 et
1704 4392 1811 4448 intuba

170 4480 345 4538 Christianus
357 4480 560 4551 paschalisagni
569 4480 700 4551 sartgnine
707 4476 811 4535 Pascha
826 4493 881 4536 non
894 4478 964 4534 cele·
978 4450 1004 4510 υ
1018 4478 1066 4534 liei
1081 4478 1227 4534 descendet
1237 4478 1271 4534 de
1283 4478 1368 4543 ereio,
1382 4490 1462 4536 canet
1478 4480 1551 4535 eninr
1565 4482 1637 4546 tuba,
1660 4492 1690 4538 et
1711 4489 1812 4545 mortui

58 4561 64 4580 ¹
173 4573 245 4638 brat,
259 4586 321 4629 cunt
333 4571 385 4627 boc
399 4579 538 4640 tantopere
549 4570 591 4624 les
608 4571 666 4640 ipsa
686 4569 832 4625 decernatl
1018 4577 1162 4642 resurgent
1177 4569 1327 4639 incorrupti
1340 4568 1367 4641 (l
1382 4569 1472 4625 Thess
1488 4571 1535 4640 ιιι),
1553 4570 1616 4627 »sd
1627 4574 1816 4643 possessiones

208 4662 334 4736 mnam.
361 4662 411 4718 lttc
431 4661 548 4731 idipsum
573 4661 791 4732 respondendum
814 4660 886 4731 quod
906 4661 963 4731 jam
1018 4671 1108 4717 autern
1131 4675 1195 4716 arras
1212 4656 1435 4731 urrnmquemqne
1457 4661 1557 4724 redire,
1575 4669 1618 4716 cst
1632 4678 1747 4733 corpora
1763 4680 1812 4721 sua

173 4753 299 4825 superius
322 4752 424 4809 dictum
453 4759 519 4817 est;
546 4751 609 4822 quia
635 4761 779 4822 postquam
810 4765 905 4818 veros,
920 4753 965 4807 ille
1017 4750 1143 4822 protinus
1157 4750 1314 4822 iueormpta
1324 4750 1455 4824 recipere.
1470 4749 1547 4807 Tunc
1561 4762 1712 4810 revertetur
1724 4756 1811 4812 hdato

174 4851 270 4918 dgnus
279 4846 326 4917 qtti
345 4844 551 4915 siguilieahatur
567 4842 712 4899 advenisse
726 4843 909 4912 cognoscitur,
921 4844 965 4898 ille
1018 4842 1052 4899 ad
1071 4841 1210 4911 antiquam
1239 4842 1330 4897 coritis
1354 4856 1410 4898 sttae
1439 4850 1540 4898 terram
1567 4843 1595 4898 in
1617 4858 1670 4916 qna
1687 4845 1813 4916 primitus

126 4971 130 4978 ·
173 4943 221 5010 qui
239 4937 410 5010 signideabat
431 4935 583 5007 mtperduus
601 4935 750 5007 judicatur.
768 4934 851 5003 Cujus
872 4935 965 5005 otique
1019 4913 1203 5008 hahitarera'm
1219 4940 1283 4988 tuno
1299 4929 1639 5006 rios,nhmtran,tloyses
1652 4937 1815 5008 cunctisque

173 5029 306 5099 sauguine
319 5043 374 5085 ttott
393 5028 450 5099 jam
470 5025 573 5098 ligneas
587 5025 645 5082 sire
665 5023 786 5094 lapideas
799 5024 872 5080 iores
887 5024 966 5078 iuun·
1017 5022 1128 5094 propria
1142 5024 1277 5092 possessio
1292 5024 1433 5088 redditur,
1452 5025 1516 5079 dum
1534 5040 1634 5096 eorpus
1651 5025 1704 5081 illis
1721 5028 1812 5084 iucor·

174 5124 275 5194 gimos‚
287 5120 335 5178 sed
349 5118 487 5176 interioris
510 5117 599 5189 potius
613 5116 731 5174 hominis
751 5117 854 5173 uiscera
877 5115 967 5172 consi·
1018 5111 1147 5182 ruptibile
1164 5110 1339 5169 reformatur.
1355 5112 1521 5185 Redemptor
1535 5113 1628 5184 itaque
1639 5124 1751 5182 noster,
1762 5115 1812 5186 qui

173 5227 297 5285 mmm,
1020 5220 1030 5253 ι
1046 5201 1186 5274 discipulis
1198 5203 1305 5273 aperuit
1318 5212 1447 5268 sensum,
1470 5213 1499 5260 nt
1516 5204 1696 5275 intelligerent
1710 5215 1811 5278 roysto-

210 5298 310 5367 Qaoest.
323 5300 350 5357 7.
366 5299 396 5356 st
419 5313 473 5355 oon
485 5295 565 5354 solvit
578 5297 665 5369 legem
678 5296 819 5363 Christus,
841 5312 891 5352 cor
906 5296 965 5368 lege
1019 5293 1058 5346 ria
1084 5292 1287 5366 Scripturaruur
1301 5292 1377 5363 (Luc.
1393 5295 1479 5365 artu),
1498 5313 1508 5347 ι
1533 5296 1619 5351 nolitit
1645 5295 1809 5360 lubilmuur.

174 5392 330 5449 mandatam
344 5406 397 5447 rou
412 5389 532 5447 celebrat
543 5388 713 5444 neomeniam
724 5386 914 5443 Christianus?
1016 5382 1104 5438 uoluit
1129 5385 1275 5455 septimum
1301 5385 1470 5442 remissionis
1492 5402 1594 5442 anuum
1627 5386 1669 5442 rel
1693 5396 1809 5446 caeteras

212 5480 338 5552 despuas.
364 5479 480 5553 Propter
500 5479 552 5536 hoc
580 5478 662 5534 etiam
694 5476 866 5533 Christianus
891 5475 963 5532 cele·
1016 5473 1109 5544 legalis
1140 5474 1209 5530 ritus
1248 5475 1425 5531 caeremooias
1461 5474 1609 5532 carnaliter
1634 5474 1773 5532 obseruari
1800 5517 1813 5544 ,

173 5574 255 5635 brace
269 5572 433 5637 coutemnit;
448 5572 575 5642 quoniam
597 5570 624 5625 id
639 5578 737 5634 toturn,
763 5570 963 5639 propterquod
1016 5577 1158 5637 postquam
1185 5565 1351 5624 haecomnia
1379 5566 1557 5639 spiritualiter
1578 5566 1645 5644 lecit
1671 5568 1809 5640 intelligi:

174 5665 239 5724 elim
252 5665 416 5722 celebratum
429 5671 486 5729 est,
499 5662 624 5717 Christus
636 5659 765 5734 implerit,
779 5673 854 5715 nouae
865 5658 964 5734 «quiippe
1016 5671 1080 5716 rum
1095 5660 1167 5719 euim
1192 5658 1317 5717 mandata
1339 5658 1434 5732 legalia
1450 5663 1585 5720 ueraciter
1607 5662 1811 5746 adimplentur,
