4017 6192
156 372 207 428 25¹

159 471 444 554 potiusintelligentim
457 469 604 523 delectare.
629 462 791 515 Proedrctarn
818 442 985 512 borarnmjt

158 569 339 630 obedientiam
355 561 517 624 Doojugitet
529 548 639 612 exhibe,
655 547 681 601 ill
700 543 811 615 reliquis
823 540 907 598 etiam
923 549 950 594 te

160 641 504 735 „wsmnremtionis
535 638 634 695 studiis
662 633 807 706 vigilanter
834 646 949 698 eterce;

157 748 292 812 quatenus
304 736 326 791 si
339 749 411 790 none
425 730 477 788 suh
489 730 542 785 leni
555 728 620 799 jugo
633 725 692 796 ejus
714 734 842 794 tanquam
857 736 952 777 servits
1003 723 1048 777 die
1061 720 1086 775 la

158 829 291 885 uerticem
307 823 398 881 cordis
416 819 564 885 attriveris,
585 817 657 872 inter
686 815 755 871 illios
779 811 951 885 postmodnm

160 915 327 976 hereditatis
345 928 470 985 superna
485 908 635 967 funiculum
645 922 707 963 cum
719 904 803 978 gloria
817 902 951 961 sortiaris.

480 1111 637 1169 solidite.

195 1220 298 1297 Septem
313 1242 390 1294 pinne
402 1223 627 1295 santprinoipotio
641 1222 721 1288 uitio,
735 1235 768 1274 es·
792 1220 887 1291 quibus
901 1234 952 1274 coe·

160 1308 223 1351 teroe
249 1299 370 1350 uitiorum
397 1305 480 1361 pestes
506 1296 644 1356 oriuntur,
660 1308 719 1362 qooe
740 1291 864 1345 nimirem
879 1299 951 1354 sunt,

160 1368 295 1435 soperbia.
308 1367 435 1427 orontio,
446 1382 513 1420 cons
527 1363 629 1432 glorio,
642 1363 693 1424 iro,
710 1360 818 1424 inuidia,
831 1360 950 1425 luxorio,

160 1436 278 1489 tristitia.
293 1432 351 1488 Nou
366 1445 408 1488 est
422 1436 575 1488 mirandum
588 1442 711 1486 surrcturn
726 1430 892 1486 cardinalem
910 1431 952 1484 in·

163 1517 204 1558 ter
219 1506 283 1559 rista
298 1506 435 1574 capitolia,
447 1504 537 1575 gutum
560 1518 613 1557 non
629 1501 806 1565 recensuisse,
818 1516 899 1571 quatu
917 1514 950 1554 ex

387 359 418 418 S.
434 356 534 415 Putet
554 329 693 410 ilhhllle
712 343 786 403 ΟΡΡ.
808 335 927 396 tontis
945 328 1013 390 SEU
1033 326 1121 387 Pons
1140 328 1182 386 tlt.
1196 360 1232 372 -
1243 327 1422 387 oobsctltt
1442 327 1557 383 volita.

1735 326 1790 385 252

1001 457 1114 498 anomm
1138 446 1355 512 doctrrnaqqnod
1383 457 1471 496 nrum
1498 449 1683 496 doctissimum
1707 446 1791 498 etlam

1002 513 1087 568 lutere
1110 525 1163 565 non
1191 513 1292 580 qrotuitt
1316 522 1530 568 commemorare
1550 511 1702 580 oportebat.
1722 511 1792 567 Poto

1003 591 1095 638 tamen
1125 581 1176 635 ruta
1192 580 1425 645 mauriennense,
1445 580 1573 650 qrroaiern
1592 580 1705 637 inierim
1718 580 1792 639 inmo

1003 652 1072 708 levia
1088 595 1211 775 Kgccata,
1227 650 1253 705 iu
1276 665 1335 720 qne
1345 650 1427 705 etiam
1438 647 1543 733 justum
1554 664 1690 721 quemque
1702 651 1793 719 quoti·

1108 721 1113 771 i
1129 729 1177 786 art,
1189 729 1331 776 enumerat
1341 728 1529 776 necessitatem
1545 727 1573 775 ct
1585 719 1769 777 inllnnitatem
1783 738 1791 775 a

1003 790 1055 847 snb
1069 790 1168 861 quibus
1181 789 1282 859 pilam,
1297 802 1357 859 qnae
1373 800 1519 861 exgenere
1537 802 1588 844 suo
1601 804 1654 845 non
1667 796 1710 845 est
1728 804 1792 859 pec·

1004 869 1095 918 eston
1107 858 1232 923 rnorule,
1248 858 1380 916 mntirrerl
1394 867 1512 915 constat.
1527 859 1604 915 Patet
1619 873 1685 915 vero
1695 874 1793 916 omnes

1004 932 1109 993 modos,
1122 929 1221 1000 quibus
1244 929 1272 984 in
1295 929 1356 1000 gula
1378 926 1618 1000 delinqrririrus,e1
1645 928 1685 984 tra
1707 929 1793 986 ttinto

1001 1000 1080 1062 oriri,
1096 998 1158 1053 dum
1172 1006 1303 1068 praetextu
1318 998 1490 1055 necessitatis
1509 999 1634 1124 rolugtas
1649 1013 1692 1123 qo
1711 998 1734 1053 ‘s
1749 994 1791 1053 in·

1002 1070 1130 1133 sidiatnr;
1141 1078 1170 1121 ιιι
1182 1064 1557 1136 airrntioannesCiimaohus,
1593 1067 1651 1123 rad.
1674 1066 1792 1134 ietlbt

1002 1138 1122 1220 ioannes
1134 1136 1280 1220 Cassianus
1292 1137 1339 1193 lih.
1355 1153 1382 1192 rx
1396 1140 1489 1221 capi
1514 1139 1553 1195 oo
1572 1140 1671 1209 spiritu
1695 1140 1795 1221 gastri-

1003 1207 1793 1349 lillistl.ildstlitem}titlttttltttr

1003 1346 1132 1411 officit,.si
1148 1345 1205 1400 haeo
1220 1348 1419 1413 tantummodo,
1434 1363 1495 1418 quae
1516 1346 1660 1418 fragilitas,
1670 1361 1725 1405 oon
1736 1360 1796 1417 qum

1004 1417 1128 1485 uoluptas
1141 1416 1236 1486 exigit,
1249 1428 1423 1486 usurpentur.
1440 1437 1451 1470 ι

1147 1504 1189 1562 Sit
1218 1520 1311 1561 nornen
1344 1507 1450 1563 Domini
1482 1508 1653 1564 benedictum.

162 1702 1774 1729 Q

401 1858 577 1935 221222
619 1875 1046 1994 oroscuuun
1090 1879 1517 2037 conscium

254 2118 371 2183 LIBER
391 2114 460 2193 Qut
482 2114 753 2190 tremuistis,
773 2112 964 2179 oculitus
986 2115 1203 2182 VOBfflCUM.
1227 2117 1470 2183 acteonem
1490 2121 1717 2213 mentuali.

164 2443 365 2497 lucrosis-rou.
380 2467 415 2477 -
426 2434 545 2492 beonenr
560 2437 636 2489 nilrm
653 2431 808 2488 sanctitatis
820 2430 963 2487 eremitam
975 2445 1057 2501 snper
1067 2433 1185 2502 quadam
1199 2432 1440 2506 docilitationeqnid
1455 2437 1626 2495 sentiendum
1640 2442 1687 2509 sit,
1701 2459 1800 2502 oonsu-

199 2512 247 2575 lit;
263 2527 297 2564 an
312 2509 425 2571 scilicet,
439 2517 467 2560 ot
480 2504 616 2560 nonnullis
626 2503 777 2563 videbatur,
792 2516 854 2556 crrnr
870 2500 933 2570 quis
954 2501 982 2554 in
995 2501 1063 2556 colla
1087 2502 1162 2557 solus
1176 2500 1294 2559 odicium
1308 2505 1448 2570 recitaret,
1465 2505 1526 2563 illus
1537 2508 1696 2579 particulas,
1710 2513 1800 2572 Domi·

200 2579 403 2642 naamitarum,
417 2587 444 2632 et
456 2575 544 2640 inte,
562 2577 667 2634 domne.
688 2573 851 2631 benedicere,
864 2581 993 2651 tanquam
1008 2570 1088 2627 unius
1102 2587 1225 2642 persone
1239 2588 1292 2629 non
1305 2577 1515 2643 corroeuiontes,
1528 2580 1655 2637 omittere
1668 2584 1799 2655 deberet:

199 2651 257 2721 ipse
271 2658 366 2705 contra
381 2648 482 2771 ⁸⁰3⁸oe
497 2660 527 2701 se
548 2645 586 2700 ait
598 2642 690 2698 multis
705 2641 865 2703 rationibus.
881 2640 916 2696 ad
936 2654 996 2710 erus
1013 2650 1103 2700 tamen
1117 2644 1281 2700 sententiam
1295 2644 1425 2716 coniugio.
1441 2648 1483 2705 hd
1497 2659 1649 2707 extremum
1664 2654 1693 2710 in
1705 2656 1801 2713 mitro.

200 2720 272 2776 dinis
287 2720 407 2774 laudesc
429 2715 550 2771 unditor.

200 2899 304 2953 bonno
318 2895 402 2951 Leoni
430 2906 522 2947 arnore
548 2904 671 2960 superne
689 2887 825 2943 libertatis
839 2886 953 2954 incluso,
969 2889 994 2950 Β
1008 2902 1130 2958 peccare,
1140 2898 1268 2962 tanquam
1279 2893 1325 2964 qui
1334 2898 1541 2967 pensumdivini
1553 2902 1800 2973 servirttntnuan,

165 2991 274 3047 Porrus
299 2993 427 3056 peccator
443 2982 592 3036 ritorrachus
603 2978 734 3049 quidquid
749 2992 857 3044 servus,
871 2987 899 3032 et
925 2975 957 3032 li·
1006 2979 1214 3050 pertimescunt.
1231 2982 1307 3040 Unde
1317 2986 1404 3054 uobis,
1421 2989 1484 3044 dum
1499 2984 1598 3048 solutio
1616 2996 1755 3064 qoaerittrr,
1767 3000 1801 3055 ad

164 3080 227 3135 lius.
1008 3071 1259 3140 percunctationem
1275 3074 1365 3145 potius
1378 3089 1454 3133 mons
1467 3093 1544 3147 mque
1566 3081 1657 3137 nescia
1672 3077 1803 3153 pr'oroca·

199 3170 259 3227 Non
274 3170 379 3240 ignorat
394 3164 550 3221 sanctitatis
560 3171 656 3219 restrae
671 3158 958 3233 prudentia,dilectis·
1008 3168 1062 3215 tur.
1086 3156 1134 3218 llis
1157 3162 1249 3235 itaque
1269 3167 1451 3236 quaestionum
1473 3171 1588 3228 vallatus
1611 3176 1753 3247 angrrstiis,
1768 3180 1803 3234 ad

164 3264 233 3320 sime
247 3262 337 3322 Pater,
351 3258 414 3330 qnia
435 3267 461 3313 te
479 3272 532 3312 rron
556 3255 771 3326 qualemcunque
784 3252 956 3324 complicem,
1008 3251 1135 3323 angelum
1150 3269 1240 3310 meum
1253 3253 1332 3325 juxta
1351 3262 1573 3317 consuetudinem
1588 3264 1681 3331 redeo,
1698 3267 1731 3321 ad
1742 3267 1802 3323 lon-

165 3353 208 3410 rel
222 3352 357 3413 amisson
373 3350 421 3405 sed
445 3356 472 3404 te
490 3358 607 3418 patrem,
620 3347 809 3412 tedoctorern,
824 3357 851 3401 te
873 3343 958 3416 magi·
1009 3350 1129 3398 wmnon
1145 3340 1275 3400 tantona
1288 3345 1460 3419 eloquentie,
1476 3350 1523 3407 sed
1543 3342 1641 3410 divine
1655 3344 1802 3427 potiussa-

165 3453 266 3508 strum,
281 3449 309 3498 et
322 3439 461 3496 donsinum
476 3438 592 3494 electum
610 3437 677 3493 milri
698 3435 874 3507 praecunctis
889 3449 958 3507 pene
1008 3435 1117 3508 pientia
1129 3435 1194 3493 trito
1203 3436 1271 3494 calle
1283 3454 1404 3496 recurro.
1432 3475 1437 3486 ·

165 3531 326 3590 mortalibus
348 3530 449 3596 habeo;
466 3541 563 3599 meque
590 3536 642 3582 toae
663 3524 795 3582 orationis
816 3524 956 3589 instantia,
1264 3545 1379 3605 CAPUT
1399 3549 1544 3609 mm·

154 3626 237 3696 apud
248 3624 442 3681 divinasaures
454 3621 649 3677 misericordie
662 3619 751 3675 locum
762 3619 885 3675 invenire
894 3633 959 3673 con·
1011 3635 1088 3701 pm
1102 3647 1196 3695 mm
1206 3638 1376 3711 mmm
1385 3643 1477 3698 mm·
1487 3645 1649 3717 phuam
1659 3646 1723 3718 im
1730 3664 1803 3720 m·

166 3715 232 3771 lldo.
243 3714 278 3770 bt
289 3713 355 3785 quid
374 3710 491 3783 amplius
508 3710 616 3767 dicans?
627 3709 850 3780 Quandoquidem
868 3722 958 3765 meum
1356 3711 1450 3782 tortor.

168 3815 196 3863 te
216 3803 342 3875 angelum
359 3816 420 3859 esse
440 3800 582 3866 constitui,
596 3807 627 3856 ut
640 3799 668 3855 is
682 3798 770 3856 dubiis
783 3799 864 3854 relius
873 3799 959 3869 quod·
1045 3800 1184 3855 r’latonetu
1192 3798 1304 3856 intentis
1311 3810 1525 3860 uaturaesecreta
1534 3805 1680 3863 rimantem
1692 3822 1803 3880 respuo,

166 3909 276 3967 cunque
294 3893 430 3949 hesitanti
453 3907 486 3949 ac
508 3890 658 3948 sciscitanti
679 3890 746 3945 mibi
764 3889 959 3946 consiliumet
1010 3886 1180 3956 planetarum
1201 3889 1311 3948 circulis
1332 3899 1431 3961 metas,
1457 3902 1649 3968 astrorumque
1669 3898 1819 3957 meatibus·

167 3996 275 4043 tuoore
296 3984 467 4055 procederet,
489 3982 528 4038 ita
551 3982 676 4052 protinus
692 3980 877 4037 indubitanter
890 3978 960 4035 acei-
1010 3977 1130 4035 calculos
1144 3977 1296 4051 affigentem
1312 3994 1321 4037 t
1339 3990 1438 4040 concta
1461 3985 1543 4041 etiam
1570 3987 1699 4058 eobanci
1728 3988 1806 4048 orbis

168 4093 261 4151 peresa
275 4092 307 4132 ac
324 4076 346 4131 si
366 4090 417 4130 voa
433 4074 498 4129 mihi
516 4073 636 4129 coelestis
656 4071 760 4128 oraculi
773 4069 958 4143 angelitusin·
1011 4067 1120 4126 elimata
1141 4071 1219 4127 radio
1236 4071 1449 4144 distinguentem
1464 4072 1646 4149 Pythagoram
1660 4078 1801 4151 parripcn·

169 4175 296 4223 tonaret:
317 4176 399 4234 atque
423 4162 484 4219 ideo
500 4163 523 4218 si
541 4162 649 4233 quando
670 4161 836 4230 scrupulose
848 4156 959 4228 cujusli·
1011 4159 1047 4216 do
1060 4178 1067 4216 ι
1080 4159 1274 4220 liichoroacum
1289 4178 1397 4236 quoque
1413 4162 1508 4221 tritum
1522 4166 1742 4239 ephemeridibus
1762 4166 1805 4226 di-

169 4258 216 4314 bet
230 4258 269 4312 rei
281 4256 346 4311 milri
360 4254 483 4325 subrepit
495 4254 640 4319 articulus,
652 4262 797 4322 antequam
812 4260 839 4306 te
851 4239 996 4306 consul-G
1012 4253 1083 4324 gitos
1110 4253 1206 4311 abdico
1225 4272 1233 4310 ε
1249 4254 1390 4312 Euclidem
1413 4256 1547 4329 perplexis
1571 4259 1803 4330 geometricalium

172 4346 463 4410 turusaccedarn,hoe
489 4344 560 4415 apud
586 4344 761 4400 medisinam
776 4340 960 4413 implorocle-
1012 4344 1158 4420 figurarunt
1183 4347 1279 4403 stodiis
1303 4348 1444 4405 incursum
1460 4348 1676 4419 aequedeclino:
1692 4360 1806 4409 cunctos
1892 4410 1901 4427 ‚

69 4456 86 4475 ⁸
169 4432 958 4505 meutiemluiletssisiStlaeioltlssieliwtttelwfflsocient.
1011 4454 1078 4495 sone
1100 4440 1225 4496 rhetores
1251 4455 1313 4495 cum
1339 4440 1397 4497 suis
1421 4440 1583 4514 syllogismis
1603 4451 1631 4499 ct
1650 4443 1805 4516 sopiristicis

170 4539 216 4586 too
231 4527 298 4583 mihi
322 4540 369 4581 ore
392 4524 532 4596 precipiat
550 4524 615 4595 (tuiti
637 4540 680 4581 me
697 4524 829 4580 locerein
854 4521 960 4591 obiecta
1012 4530 1230 4588 cavillationibus
1260 4531 1385 4605 indignos
1421 4535 1471 4589 bac
1500 4534 1650 4604 questione
1675 4532 1804 4592 decerno.

169 4620 344 4691 ambiguitate
355 4618 499 4673 decernat:
516 4626 631 4687 quamet
642 4633 713 4673 nrrnc
724 4632 832 4689 quoque
844 4631 960 4673 consue·
1012 4618 1142 4675 'lremant
1156 4619 1275 4693 gyrnmci
1291 4635 1369 4676 soram
1382 4620 1587 4693 jugiteramore
1601 4623 1741 4693 sapientiae
1754 4641 1807 4679 nu·

170 4711 291 4767 tudinem
307 4719 413 4775 tenens,
433 4711 510 4765 lroea
527 4718 553 4764 te
567 4710 705 4765 ducendus
727 4709 844 4779 inquiro,
862 4710 961 4778 quoda
1013 4710 1125 4767 dilatent
1143 4729 1149 4766 :
1165 4720 1290 4783 querant
1303 4712 1474 4783 peripatetici
1495 4712 1625 4769 latentem
1647 4713 1674 4768 in
1694 4713 1808 4783 prosun-

170 4802 263 4857 multis
274 4816 345 4872 sepe
358 4801 434 4870 quasi
448 4815 628 4871 responsurus
641 4800 839 4871 inquirentibus
856 4799 960 4869 exigor.
1012 4802 1047 4860 do
1062 4812 1143 4875 puseo
1156 4804 1307 4859 veritatem.
1328 4801 1385 4875 Ego
1405 4819 1566 4860 summania
1587 4813 1614 4859 te
1628 4819 1721 4874 quero
1735 4804 1806 4860 reri-

171 4893 295 4950 b'onnulli
310 4895 383 4949 enirn
402 4893 501 4949 lrstres
513 4894 660 4949 eremiticae
673 4902 823 4949 sectatores
836 4894 897 4947 ritae
907 4891 963 4947 ire·
1013 4902 1108 4959 tatenr,
1134 4893 1209 4948 illam
1225 4892 1359 4960 uidelicet,
1374 4909 1434 4962 quae
1456 4894 1489 4949 do
1508 4903 1581 4949 terra
1594 4900 1654 4949 orta
1672 4900 1723 4959 est,
1750 4910 1804 4949 non

170 4995 286 5056 quenter
303 4985 480 5054 interrogant,
494 5001 555 5041 curn
572 4985 724 5056 singulares
734 4986 760 5040 in
774 4984 876 5041 cellulis
886 5000 963 5040 com·
1011 4983 1067 5054 jain
1081 4983 1108 5038 in
1126 4992 1208 5053 poteo
1224 4982 1381 5055 ignobiliter
1391 4984 1552 5049 latitantem,
1567 4984 1614 5040 sed
1628 4983 1702 5039 omui
1715 4985 1806 5038 mani·

172 5085 324 5140 morantur,
349 5086 439 5131 utrum
463 5077 516 5132 illis
532 5077 612 5133 liceat
633 5078 733 5144 dicere,
754 5076 965 5132 boninusoobi·
1014 5075 1139 5132 testatam
1163 5078 1273 5142 nnmdo,
1294 5084 1421 5146 perpetua
1443 5076 1470 5132 iu
1496 5076 1571 5133 coelis
1597 5075 1739 5145 majestate
1763 5092 1807 5129 re·

170 5184 260 5233 soant,
277 5167 357 5233 tube,
379 5168 483 5233 datisne,
503 5167 671 5223 benedicere:
686 5178 767 5237 atque
784 5169 846 5238 ipsi,
859 5177 888 5221 ut
900 5176 964 5223 sunt
1014 5175 1154 5237 gnantem.
1176 5165 1246 5233 Quid
1267 5165 1339 5222 eninr
1359 5166 1554 5224 insanientium
1575 5180 1713 5240 poetarum
1729 5168 1806 5224 labu-

172 5263 233 5329 soli,
254 5263 331 5333 Juxta
352 5276 456 5337 morem
482 5260 697 5317 ecclesiasticum
723 5260 831 5314 sibimet
849 5260 966 5313 debeant
1014 5257 1070 5312 losa
1086 5256 1343 5324 courmcutatQuid
1369 5257 1436 5313 mihi
1461 5259 1622 5314 tumentium
1642 5259 1807 5329 tragicorum

175 5355 348 5425 respondere.
364 5353 480 5420 Quidam
499 5353 571 5410 enim
583 5353 654 5408 inter
664 5367 694 5407 se
709 5351 785 5422 qnasi
800 5351 966 5405 ratiocinari·
1015 5349 1177 5405 cothurnata
1192 5347 1370 5403 discrimina?
1384 5347 1557 5417 Desinatjam
1571 5352 1737 5407 comicorum
1750 5350 1807 5405 trir-

175 5455 226 5510 tes,
238 5445 332 5500 dicunt
350 5461 357 5499 :
374 5445 564 5516 Nunquidoarn
592 5458 607 5498 a
630 5444 773 5513 lapidibus,
792 5451 839 5496 aot
868 5442 966 5497 tubulis
1016 5442 1050 5496 ba
1067 5455 1169 5495 verrens
1182 5438 1324 5495 libidinum
1346 5440 1543 5509 crepitantibus
1567 5440 1662 5497 buccis
1676 5439 1806 5499 edissere:

174 5534 276 5592 cellule
291 5536 406 5606 petenda
429 5544 472 5591 est
488 5533 668 5590 vbenedictio?
681 5542 728 5587 ant
751 5532 803 5588 illis
823 5532 965 5587 dicendum
1018 5540 1107 5586 cesset
1121 5530 1302 5602 satyricorum
1317 5529 1415 5600 rorigus
1429 5545 1492 5586 suos
1502 5531 1611 5586 clarnos
1621 5529 1749 5602 captoria
1763 5529 1809 5582 de·

174 5637 227 5692 est,
241 5635 271 5680 ut
285 5624 415 5681 honrinus
428 5626 464 5680 sit
478 5642 539 5681 eum
557 5624 615 5679 cis?
627 5622 742 5690 Quidam
756 5632 857 5689 autem,
876 5623 898 5676 si
912 5638 966 5693 quo
1023 5620 1163 5677 tractionis
1178 5619 1279 5674 eruaris
1292 5619 1406 5688 dapibus
1424 5633 1558 5678 onerare:
1574 5635 1629 5675 non
1657 5618 1724 5673 mihi
1745 5614 1810 5672 Tol·

175 5720 255 5776 mode
269 5717 461 5775 ecclesiastice
475 5704 628 5774 traditionis
639 5717 762 5773 ordinem
779 5716 917 5783 deserant,
935 5732 966 5772 se
1020 5713 1084 5767 liani
1101 5719 1225 5768 oratores
1248 5716 1374 5766 accurata
1396 5708 1491 5782 lepide
1502 5709 1666 5768 urbanitatis
1678 5709 1810 5767 trutinent
