4017 6192
112 196 165 256 503
313 203 328 218 ”
342 197 371 256 S.
394 197 506 257 PETRI
525 199 687 259 uatllaltl
707 201 786 261 OPP.
807 202 934 263 TOMUS
955 202 1026 264 SEU
1045 200 1141 263 Palis
1160 200 1213 260 ΙΙΙ.
1235 232 1268 243 -
1286 200 1481 260 OPUSCULA
1499 196 1629 258 VARIA.
1806 199 1858 259 aot

113 321 276 394 aagendam
291 320 320 378 in
336 327 449 380 terreno
461 330 576 398 qnaestu
589 340 747 398 paucorum
760 326 913 386 hominum
927 329 1066 392 lemnon
1092 302 1205 404 tierent,
1220 327 1372 406 quidpiam
1383 324 1496 385 'lecerit
1512 344 1519 396 ;
1536 323 1561 382 si
1585 322 1727 396 sacerdos,
1751 324 1803 398 qni
1818 331 1861 383 est

113 409 259 469 cultatem.
275 407 395 469 Interim
411 414 486 488 quod
498 429 580 472 mens
593 422 689 487 scatet,
701 418 881 490 supprimere
890 419 966 488 volo,
1007 424 1122 492 unctas,
1142 419 1310 493 peccaverit,
1327 418 1496 494 delinquere
1514 415 1622 474 faciens
1648 411 1799 488 poputum.
1817 414 1862 472 ol·

112 497 185 556 509
201 517 253 561 nec
278 504 381 563 valeo:
406 504 563 565 scintillam
585 508 664 567 zelus
689 510 809 582 excutit,
825 510 897 568 dum
920 525 967 567 ca-
1008 508 1076 566 leret
1094 523 1145 581 pro
1165 515 1279 583 peccato
1294 522 1346 566 suo
1360 504 1720 565 vitulumimmaculatum
1735 501 1861 560 Domino

112 590 228 649 minum
248 593 432 651 conscientia
457 594 539 653 dolor
560 595 696 657 incendit.
722 597 798 668 Quid
812 599 891 656 enim
914 597 967 656 erit
1008 599 1104 665 (beavit.
1122 605 1174 666 le).
1189 622 1203 647 v
1225 597 1269 654 En
1284 593 1499 671 quibusvcrbls
1514 591 1588 650 illud
1612 589 1797 649 formidolose
1806 604 1861 654 no-

112 679 148 738 de
177 681 307 754 quolibet
340 699 484 758 supremae
511 687 705 745 damnationis
737 688 880 762 episcopo,
914 690 965 761 qui
1010 685 1130 744 mudum
1144 692 1196 756 est,
1211 684 1287 760 quod
1302 686 1364 743 ait:
1382 709 1396 736 ιι
1413 684 1443 742 Si
1459 682 1599 747 sacerdos,
1617 682 1668 755 qui
1684 686 1791 740 unctus
1807 683 1860 747 est,

114 769 193 845 lapso
222 759 327 847 cuique
355 775 520 849 presbytero
547 777 621 835 tollit
648 778 773 846 lucrum,
801 784 830 836 et
857 778 967 836 sacrifi-
1008 777 1179 851 peecaverit,
1212 777 1382 850 delinquere
1414 774 1523 833 taciens
1551 770 1691 868 populum
1706 788 1750 840 3»
1792 768 1862 842 quia

114 854 198 918 candi
219 861 312 919 reddit
331 861 488 922 odicium?
516 863 572 922 iste
599 865 660 939 jam
688 881 745 924 non
774 867 968 947 communicat
1009 864 1150 923 nimirum
1175 862 1315 928 sacerdos,
1343 862 1394 936 qui
1418 861 1510 934 legem
1532 858 1583 918 Dei
1602 857 1756 919 nesciendo
1772 856 1863 915 delin-

33 945 51 957 '
113 945 236 1018 peccatis
261 946 377 1018 alienis,
402 948 451 1004 sed
478 955 578 1007 auctor
600 948 722 1008 existit:
748 950 807 1009 iuro
831 959 968 1026 tanquam
1009 954 1083 1028 quit,
1111 953 1173 1012 suis
1197 953 1283 1011 etiam
1305 951 1447 1027 populum
1468 948 1648 1023 inpeccatis
1677 945 1812 1018 involvit,
1833 950 1862 1003 et

112 1032 127 1092 J
132 1034 203 1093 udas
216 1034 376 1108 iscariotes,
399 1037 484 1096 tradit
509 1038 608 1112 impiis
635 1040 769 1099 manibus
791 1039 968 1100 Salvatarem
1010 1059 1085 1120 quos
1098 1042 1199 1101 doctus
1218 1040 1346 1101 relevare
1362 1045 1503 1115 potuerat,
1518 1053 1617 1097 mum
1636 1034 1726 1095 simul
1739 1050 1790 1110 per
1804 1033 1861 1092 im·

113 1133 228 1200 propter
247 1126 316 1185 vilis
330 1128 462 1200 pecuniae
475 1130 665 1203 quantitatem
683 1148 690 1199 ;
707 1131 855 1188 Christum
872 1130 968 1188 venali
1008 1132 1141 1208 peritiam
1156 1139 1264 1207 gravat.
1770 1137 1777 1148 “
1826 1157 1830 1162 ·
1853 1201 1858 1220 ,

113 1215 287 1272 commercio
309 1215 452 1282 distrahit,
481 1223 509 1274 ct
528 1232 579 1291 pro
604 1232 703 1275 amore
727 1216 857 1290 pecuniae
882 1215 968 1275 tradit
986 1257 993 1262 a
1046 1223 1091 1282 To
1107 1239 1186 1297 voro,
1210 1220 1373 1281 venerando
1386 1219 1441 1290 vir,
1462 1232 1548 1294 quern
1563 1222 1592 1274 et
1604 1217 1664 1275 vita
1678 1213 1860 1288 praeclarum,

113 1309 260 1361 auctorem
274 1303 351 1362 vitae.
378 1304 412 1361 lit
429 1303 482 1362 iste
508 1305 639 1379 protinus
657 1306 791 1364 omnium
810 1306 969 1364 criminum
1009 1323 1037 1374 ot
1060 1315 1191 1374 doctrina
1217 1313 1430 1388 conspicuum:
1454 1316 1485 1368 et
1507 1308 1585 1383 quod
1610 1307 1656 1370 ltis
1676 1306 1862 1380 prestantius

113 1406 192 1462 letis,
208 1408 259 1464 1³¹²ss
273 1391 381 1465 quibus
410 1393 461 1451 ille
488 1393 582 1452 suerat
609 1393 835 1454 sacerdotalibus
864 1395 969 1454 infulis
1010 1413 1062 1476 est,
1077 1403 1215 1479 spiritalis
1228 1402 1282 1460 zeli
1307 1404 1404 1460 fervor
1431 1399 1524 1459 reddit
1552 1399 1718 1469 accensum,
1733 1397 1775 1455 sic
1794 1396 1862 1455 aliis

112 1480 275 1539 exuendus·
1006 1492 1159 1566 juniorum
1175 1488 1343 1549 memineris
1366 1488 1499 1561 delegare
1520 1486 1690 1557 custodiam,
1705 1491 1738 1546 at
1758 1485 1864 1558 etipse

151 1571 186 1629 Ui
200 1583 268 1646 θῑὲθ
288 1572 382 1646 Stilus
393 1574 428 1630 ad
448 1574 512 1643 ¹¹0⁰,
538 1575 616 1632 unde
628 1573 776 1649 digressus
794 1581 845 1644 est,
862 1574 968 1645 rededi,
1009 1584 1177 1657 frequenter
1203 1581 1263 1639 huc
1288 1579 1414 1654 illucque
1452 1567 1616 1637 discurrere
1650 1592 1709 1635 non
1738 1575 1866 1635 omittas.

113 1662 229 1723 videtur
246 1665 338 1735 nobis,
355 1665 379 1722 si
403 1665 505 1739 placet,
524 1666 577 1724 boc
591 1665 732 1740 episeopis
752 1664 1130 1755 utendumesseBlvaojeos
1162 1671 1241 1746 quod
1271 1671 1401 1729 hortatur
1439 1668 1575 1729 Salomon
1613 1666 1642 1725 in
1677 1665 1865 1726 Proverbiis:

112 1752 292 1825 consiliant
319 1754 455 1826 indignos
473 1771 505 1814 ac
528 1755 649 1829 turpiter
666 1754 762 1829 lapsos
788 1753 971 1814 administra·
1015 1762 1191 1830 «discurre,
1210 1757 1325 1828 leelina,
1351 1756 1458 1816 suscita
1482 1755 1611 1815 amicum
1635 1759 1729 1824 tuum,
1749 1768 1795 1821 xrte
1814 1752 1867 1811 de·

112 1842 190 1901 ῑὶθΰθ
213 1843 413 1916 susslssssdfflii
441 1860 527 1918 iudei
540 1859 588 1904 e08
603 1850 710 1915 autem,
731 1844 791 1919 qui·
805 1859 970 1917 permanse-
1013 1852 1090 1911 deris
1113 1863 1250 1909 somnum
1275 1847 1368 1906 oculis
1395 1833 1462 1917 tu'is,
1489 1860 1526 1903 ne
1542 1842 1698 1903 dormitent
1720 1840 1868 1916 palpebrae

113 1930 182 2004 rint,
212 1931 331 1990 idoneos
358 1949 375 1991 a
399 1935 488 1991 latere
513 1949 570 1993 suo
594 1934 683 2005 viros,
704 1935 757 2007 qui
778 1949 826 1992 eos
849 1929 981 1992 debeant‘
1013 1948 1073 2001 tuos
1088 1941 1176 2012 (Prae.
1198 1937 1278 2010 vll.»
1308 1934 1385 1994 Illud
1410 1948 1526 2009 quoqne
1550 1948 1617 2000 non,
1637 1931 1761 2000 excidat,
1788 1929 1867 2005 quod

114 2019 281 2093 frequenter
309 2011 453 2093 invisere,
476 2029 505 2080 et
529 2022 676 2082 custodire
702 2023 892 2082 constituant.
917 2020 971 2080 Cui
1012 2028 1197 2105 postmodum
1228 2024 1320 2085 dicit:
1352 2048 1365 2075 u
1383 2024 1460 2084 Erue
1491 2038 1550 2089 eos,
1578 2019 1630 2097 qui
1657 2021 1806 2078 ducuntur
1829 2017 1888 2106 ad,

113 2109 210 2168 simile
225 2127 276 2169 rex
293 2113 380 2171 etiam
400 2115 589 2188 Assyriorum
604 2115 680 2184 lecit,
705 2130 772 2173 cum
795 2114 971 2172 sacerdotem
1015 2123 1147 2187 mortem,
1166 2113 1258 2191 etqui
1274 2110 1482 2178 trabuntnrad
1497 2110 1648 2169 interitum
1670 2108 1792 2168 liberare
1807 2124 1866 2168 nou
1910 2164 1914 2172 .

69 2257 71 2262 ,
114 2197 150 2255 ad
166 2197 350 2257 instruendos
367 2207 485 2259 caeteros
506 2201 669 2261 Samariam
683 2201 860 2260 destinavit:
880 2225 890 2252 ι
910 2200 971 2259 Du·
1014 2221 1106 2265 cesses
1132 2209 1222 2275 (Pron.
1260 2205 1391 2270 xxcvi·
1436 2198 1492 2259 Ubi
1521 2199 1631 2257 scilicet
1664 2206 1692 2257 et
1718 2199 1869 2264 excusatio

115 2288 181 2358 cite,
198 2309 208 2337 r
226 2287 332 2360 iuquit,
348 2288 431 2347 «illic
445 2306 538 2348 utrum
551 2291 587 2348 de
601 2291 807 2360 sacerdotibus,
821 2302 894 2363 quos
905 2288 973 2347 inde
1015 2294 1136 2371 tollitur,
1156 2308 1222 2352 cum
1250 2289 1425 2363 subpungit:
1456 2314 1469 2339 ι
1486 2288 1517 2349 st
1544 2288 1655 2347 dixeris
1666 2287 1784 2348 ;·Vires
1808 2304 1869 2349 oon

115 2377 244 2450 captivos
260 2377 434 2445 adduxistis,
461 2385 493 2439 ut
521 2381 629 2439 babitet
655 2396 721 2439 cum
746 2380 798 2453 eis,
822 2387 850 2437 et
875 2380 974 2438 doceat
1017 2383 1246 2459 suppetunt,qni
1264 2381 1408 2456 inspector
1433 2384 1476 2436 est
1503 2378 1608 2449 cordis,
1646 2379 1706 2453 ipse
1733 2378 1871 2454 intelligit

116 2482 164 2526 eos
182 2465 311 2538 legitima
335 2468 385 2525 ltei
410 2474 493 2527 terrae
516 2472 566 2540 (Ν
579 2474 644 2539 lieo.
663 2471 750 2542 xvu).
771 2490 781 2518 ι
809 2468 864 2538 Oui
888 2467 975 2527 nimi·
1017 2475 1124 2542 (laid).
1143 2493 1156 2522 n
1173 2470 1220 2530 Sic
1234 2485 1302 2543 ergo
1314 2484 1400 2543 saper
1414 2468 1600 2527 commissum
1615 2483 1731 2542 gregem
1742 2469 1871 2545 ‘insignis

115 2572 181 2615 rom
199 2556 339 2628 sacerdos,
356 2556 431 2616 sicut
453 2558 601 2633 Scriptura
616 2558 811 2632 prosequitur,
834 2558 975 2617 habitavit
1015 2568 1111 2636 pastor
1133 2559 1263 2632 invigila,
1285 2567 1317 2618 ut
1338 2564 1367 2617 et
1392 2556 1513 2631 ignavos
1539 2558 1680 2631 opiliones
1705 2559 1742 2618 ab
1768 2574 1870 2619 eorum

32 2669 47 2730 χ
116 2647 147 2705 in
164 2646 273 2719 Betbel,
299 2653 326 2706 et
349 2647 467 2707 docebat
489 2649 633 2723 quomodo
654 2651 781 2708 colerent
803 2650 972 2709 Dominum.
1016 2666 1086 2710 cura
1113 2665 1272 2719 removeas,
1301 2656 1329 2707 et
1357 2648 1418 2724 ipse
1445 2664 1512 2708 cunr
1534 2647 1625 2731 liavid
1654 2645 1875 2722 insurgentium

116 2735 148 2794 ln
168 2737 268 2796 Betbel
290 2755 368 2812 ergo,
393 2740 447 2799 boc
469 2748 522 2811 est,
539 2741 570 2799 in
586 2741 672 2800 domo
697 2741 760 2812 Dei,
781 2742 906 2814 dignum
930 2749 973 2800 est
1000 2755 1152 2799 ursorum
1167 2747 1253 2813 atque
1268 2738 1388 2797 leonum
1402 2737 1493 2797 rictus
1503 2736 1648 2810 infringas
1663 2741 1685 2811 tl
1694 2742 1761 2809 lico.
1779 2741 1869 2808 xvtll:

117 2828 257 2899 potiorem
283 2829 450 2903 quempiam
464 2831 631 2904 praesidere,
649 2832 700 2905 qui
726 2832 910 2892 sacerdotalis
930 2832 985 2891 ol·-
1014 2828 1077 2887 sive
1092 2827 1179 2886 etiam
1197 2842 1265 2886 cum
1279 2826 1426 2885 Abrabam
1440 2833 1592 2902 postquam
1608 2827 1691 2886 caesis
1702 2828 1871 2888 amalecitis

119 2915 179 2973 licii
201 2916 310 2988 regulis
333 2924 450 2977 caeteros
471 2920 716 2994 possitimbuere.
743 2921 815 3008 Napi
836 2921 920 2981 valde
940 2922 972 2981 ti·
1015 2919 1134 2977 tratrem
1161 2911 1247 2976 tautn'
1274 2916 1349 2975 Loth
1379 2916 1415 2974 de
1436 2915 1507 2990 iugo
1532 2916 1706 2990 captivitatis
1732 2917 1871 3000 eduxeris

120 3002 259 3063 mendum
286 3013 338 3077 est,
357 3007 434 3080 quod
459 3008 800 3084 per'bloysendicitur:
828 3002 973 3083 ·Anini,
983 3011 1094 3123 then.
1127 3011 1203 3079 xlv),
1231 3007 1267 3065 ad
1293 3006 1512 3066 Melchisedecb
1530 3022 1627 3081 regem
1650 3006 1773 3080 justitiae
1800 3021 1871 3067 cum

119 3109 186 3167 quaa
209 3097 371 3170 peccaverit
397 3113 449 3172 per
475 3099 673 3172 ignorantiam
701 3101 737 3160 de
768 3100 862 3159 hostia
888 3101 975 3159 etde
1018 3097 1468 3174 triumphaligloriarevertaris.

16 3199 21 3202 ·
119 3183 267 3244 universis
281 3186 521 3254 mandatis510
544 3188 671 3261 Domini,
689 3205 756 3266 quaa
780 3190 925 3265 pracepit,
943 3196 977 3250 ut
1209 3191 1253 3247 Sit
1264 3205 1360 3245 nomen
1372 3191 1484 3246 bamma·
1496 3187 1674 3246 bovedic'tum.

164 3551 168 3558 “
258 3509 884 3696 511ωιιιιιειιιιιιιι
926 3581 1312 3696 vtessrnou
1354 3549 1727 3713 snerlll'UM·

309 3789 360 3849 bu
376 3788 557 3852 COMMUNI
571 3791 664 3854 vira
677 3783 968 3854 oa'ltorvlefflttlll.
984 3793 1036 3853 AD
1051 3789 1239 3853 ebualcos
1255 3790 1447 3852 raauasls
1461 3790 1673 3854 ECCLESIAE.

120 4110 342 4171 Aeeaueurau.
362 4113 476 4172 -·0rta
498 4113 678 4174 dissensione
703 4115 781 4174 inter
803 4114 950 4173 Fanenses
972 4115 1109 4176 Ecclesiae
1131 4116 1295 4184 canonicos,
1312 4115 1378 4175 aliis
1396 4117 1428 4177 in
1454 4129 1610 4177 commune
1628 4118 1712 4177 bonis
1732 4117 1873 4179 Ecclesiae

155 4182 276 4244 collatis.
297 4183 363 4241 aliis
379 4191 499 4243 seorsim
520 4187 577 4243 sibi
601 4187 700 4245 rivere
722 4186 897 4250 volentibus,
924 4187 1023 4246 scribit
1038 4188 1074 4246 ad
1088 4204 1147 4259 eos,
1162 4188 1352 4262 hortaturque
1365 4193 1398 4247 ut
1416 4188 1552 4271 deposita,
1568 4190 1649 4248 omni
1674 4192 1870 4261 contentione,
1931 4223 1935 4228 ·

155 4254 350 4334 apostolorum
373 4256 572 4334 etprimitias>
595 4257 729 4315 Ecclesiae
749 4273 857 4314 niorem
879 4265 1060 4331 sequantur;
1076 4259 1207 4317 canonici
1222 4275 1281 4317 non
1303 4267 1363 4317 tam
1382 4276 1511 4332 nomine,
1533 4277 1620 4335 qaam
1641 4261 1671 4319 re
1689 4278 1752 4320 esse
1767 4263 1870 4322 velint.
1904 4265 1909 4274 '

127 4393 130 4398 Ι
156 4324 236 4393 Quod
257 4324 357 4382 mulos
373 4335 459 4383 etiam
477 4327 638 4386 rationibus
652 4329 694 4387 eis
709 4329 880 4401 persuadere
893 4337 1025 4393 conatur.
1043 4345 1101 4387 non
1117 4346 1198 4403 posse
1218 4331 1295 4389 eninr
1311 4331 1388 4390 iuter
1401 4348 1450 4391 eos
1461 4348 1523 4392 osse
1539 4332 1677 4391 unionem
1690 4334 1870 4406 animorum,

155 4396 320 4471 intorques
335 4411 392 4454 non
408 4407 450 4455 est
464 4399 631 4458 facultatum
646 4417 653 4468 ;
668 4416 701 4458 ac
717 4399 807 4457 multa
826 4398 883 4457 alia
900 4400 930 4457 in
948 4402 1080 4460 eamdem
1093 4402 1265 4460 sententiam
1276 4403 1436 4476 perscribit.
1563 4413 1570 4430 ¹

158 4558 271 4618 Sanctis
296 4561 327 4618 in
354 4557 467 4620 Christo
496 4560 632 4620 iratribus
665 4561 804 4620 Fanensis
838 4561 1211 4640 Ecclesiaebparat,·turpe
1233 4570 1275 4624 est
1303 4567 1327 4624 si
1356 4565 1402 4624 vel
1424 4566 1580 4626 domestica
1605 4559 1796 4642 conversatio,
1823 4569 1872 4627 vel

121 4647 234 4708 clericis
248 4646 364 4709 Perses
377 4655 508 4724 peccator
526 4651 686 4710 monachus
699 4648 834 4708 salutem.
906 4727 909 4732 Ι
1016 4641 1122 4730 peculii
1143 4657 1338 4716 abominanda
1357 4657 1515 4732 proprietas
1537 4657 1642 4717 laicum
1664 4675 1726 4717 esse
1746 4659 1874 4718 convin-

156 4739 212 4800 Diu
235 4745 288 4815 est,
315 4742 505 4814 dilectissimi,
528 4743 606 4818 quod
629 4743 659 4801 in
687 4742 732 4800 bis
755 4740 885 4815 partibus
899 4742 975 4799 lama
1016 4751 1070 4805 cat.
1095 4745 1169 4816 Quid
1193 4747 1273 4805 enim
1295 4747 1378 4805 illins
1404 4747 1509 4821 poterit
1533 4747 1795 4822 concupiscentiam
1822 4764 1871 4807 sa·

121 4828 261 4902 vulgavit,
282 4845 339 4888 non
354 4845 452 4904 parvae
469 4829 625 4890 simultatis
648 4832 725 4889 inter
750 4845 801 4890 ros
825 4830 975 4890 emersisse
1016 4835 1098 4906 liare,
1118 4836 1166 4893 cui
1187 4851 1246 4895 non
1267 4841 1359 4910 potest
1372 4834 1434 4910 ipse
1452 4836 1528 4895 Deus
1546 4836 1579 4894 in
1593 4837 1773 4907 possessione
1786 4835 1870 4896 suffi-

120 4918 305 4990 discordiam,
325 4920 362 4980 ob
388 4922 415 4980 id
439 4919 583 4992 videlicet,
602 4922 672 4997 qnia
688 4920 822 4982 nonnulli
846 4921 975 4981 vestrum
1016 4927 1104 4985 cere?
1125 4923 1253 5012 Clericus
1266 4928 1384 5001 quippe,
1403 4927 1477 4985 sicut
1489 4927 1576 5000 juxta
1597 4928 1642 4987 sni
1664 4929 1871 5002 etymologiam

121 5011 346 5086 aggrederentur
367 5012 398 5070 in
416 5013 553 5092 canomca
577 5011 761 5084 regularitate
786 5014 893 5083 vivere,
913 5013 975 5086 ple·
1016 5016 1162 5084 vocabuli,
1180 5014 1240 5088 ipse
1253 5029 1314 5073 sors
1331 5012 1383 5071 Dei
1406 5020 1458 5087 est,
1481 5013 1521 5073 ita
1533 5013 1733 5076 nibilominus
1747 5023 1774 5076 et
1791 5017 1872 5076 Dens

121 5101 205 5176 rique
230 5108 328 5162 antem
361 5118 419 5161 non
447 5097 672 5177 acquiescerent,
704 5105 834 5164 volentes
862 5110 973 5163 tantum
1016 5104 1201 5179 omnipotens
1224 5105 1287 5179 elus
1314 5095 1375 5162 esse
1400 5104 1493 5178 portio
1527 5104 1704 5179 perhibetur.
1736 5106 1820 5166 Unde
1842 5112 1871 5163 et

120 5191 195 5264 apud
221 5209 252 5253 se
271 5193 302 5252 in
325 5193 387 5252 suis
402 5185 624 5269 proprietatibus
646 5194 784 5254 babitare.
805 5194 887 5265 Quod
908 5195 974 5268 qui·
1016 5193 1156 5253 ieremias
1182 5193 1246 5252 ait:
1276 5214 1290 5247 a
1307 5192 1376 5251 Pars
1401 5193 1649 5266 mea‚,Dominus,
1673 5194 1871 5280 dixitanima

119 5279 186 5360 dem
206 5296 264 5339 non
288 5283 440 5354 miramur,
459 5283 528 5357 quia
547 5299 645 5341 rarum
663 5298 720 5342 non
744 5289 797 5351 est,
821 5282 869 5340 sed
893 5281 974 5340 dole·
1017 5301 1102 5344 area:
1128 5289 1277 5359 propterea
1299 5284 1470 5357 exspectabo
1494 5293 1561 5343 omn
1595 5289 1705 5354 (Taren.
1729 5291 1812 5356 ultr
1836 5288 1872 5345 lit

123 5386 189 5428 mus
203 5372 308 5444 potius,
323 5375 391 5449 qaia
406 5374 592 5433 inhonestum
608 5380 660 5432 est.
679 5373 754 5432 Satis
772 5375 849 5430 eninr
861 5372 976 5431 videtur
1017 5373 1087 5432 alibi
1110 5374 1207 5432 Deus:
1229 5371 1316 5446 Opus,
1343 5372 1451 5446 inquit,
1478 5395 1489 5423 ι
1509 5389 1653 5442 manuum
1681 5390 1812 5434 mearum
1838 5382 1871 5434 tu

120 5458 290 5536 absurdum,
311 5467 343 5518 ut
357 5461 454 5521 clerici
478 5462 545 5536 quis
564 5462 722 5536 pratrndat
740 5461 770 5520 in
793 5462 897 5520 ordine
914 5477 976 5536 spe·
1017 5479 1057 5532 es,
1074 5460 1230 5521 hareditas
1248 5476 1312 5519 urea
1335 5460 1423 5521 lsrael
1440 5465 1502 5534 (iso.
1520 5467 1598 5534 xlx).
1618 5487 1631 5514 s
1652 5463 1689 5523 Si·
1702 5464 1793 5538 igitur
1813 5463 1871 5522 cle-

120 5549 206 5618 ciem,
220 5555 248 5606 et
263 5550 448 5609 secularium
465 5556 559 5608 teneat
572 5551 695 5608 vivendo
707 5551 972 5609 conversationem:
1016 5552 1094 5611 rirns
1108 5548 1160 5607 Dei
1175 5556 1217 5609 est
1232 5549 1334 5623 portio,
1356 5554 1383 5608 et
1405 5549 1483 5610 Deus
1497 5550 1589 5626 portio
1607 5552 1679 5625 ejus,
1701 5568 1758 5612 uon
1776 5549 1872 5611 lovem

122 5647 149 5698 et
163 5656 249 5714 quern
267 5657 283 5698 a
301 5640 439 5708 micorum
464 5641 556 5700 turbis
577 5641 763 5714 protessionis
784 5641 987 5720 conditiore·l
1017 5640 1141 5701 Creatori
1157 5657 1211 5701 suo
1227 5641 1432 5701 contumeliam
1449 5641 1564 5702 videtur
1585 5640 1701 5714 inferre,
1715 5642 1765 5717 qni
1783 5655 1872 5715 super

3 5769 196 5928 N,

62 6037 197 6149 Α
