4017 6192
51 334 102 395 751
277 326 307 388 S.
328 321 440 384 PETRI
459 318 621 380 nautam
640 314 719 377 OPP.
740 309 867 374 TOMUS
890 306 960 369 sati
980 306 1076 368 PARS
1095 305 1148 366 111.
1169 337 1201 349 -
1221 304 1415 367 causoden
1435 304 1565 368 VARIA.
1745 305 1799 366 752

52 460 85 519 in
105 465 131 518 te
145 456 220 533 quis,
236 459 333 531 patere
347 457 375 510 et
388 457 471 518 tace3
497 447 560 520 sed,
574 446 599 503 si
622 442 783 519 peccaverit
806 441 837 498 in
865 440 1005 507 tantum
1026 420 1186 495 est'utrum
1204 435 1266 509 ipse
1283 434 1466 495 Romualdus
1487 442 1539 495 aut
1560 441 1631 497 tunc
1654 438 1798 497 exstiterit

49 536 445 604 miserrimam-vade
459 542 487 599 et
501 536 613 611 corripe
626 547 706 601 eum,
723 537 755 589 ut
769 526 904 586 videlicet
943 534 1070 600 sanctus,
1091 525 1136 589 vel
1159 541 1240 586 nunc
1256 525 1293 585 sit
1313 527 1344 585 in
1363 527 1496 602 paradiso
1516 535 1658 603 receptus.
1681 529 1718 588 Et
1730 531 1796 590 licet

51 625 200 692 correptus
213 615 249 674 ad
264 631 312 675 cor
326 614 431 681 redeat,
447 620 475 671 et
488 614 636 685 corrigens
646 620 724 687 quod
735 618 853 679 camut,
866 615 902 675 ad
942 625 1041 677 contra
1065 617 1151 676 iidem
1170 616 1257 675 totius
1279 615 1416 675 Ecclesia
1439 623 1605 677 nostrarum
1631 619 1795 692 provincia·

50 709 122 783 ejus,
144 705 222 765 unde
236 702 426 778 pessundatus
442 701 545 769 iuerat,
564 716 666 760 rursus
683 701 830 759 charitatis
844 701 902 759 cel·
943 716 1010 760 rum
1035 704 1097 759 baec
1121 704 1156 759 de
1180 708 1279 762 sancto
1305 703 1367 762 viro
1393 704 1516 777 quaestio
1544 715 1733 767 moveretur:
1759 708 1794 766 ad

51 794 208 854 situdinem
221 791 411 851 convalescat.
429 788 505 847 Sunt
521 787 664 863 siquidem
683 788 751 859 duo,
767 790 864 863 lapsus
876 797 903 848 et
943 790 1125 849 astruendam
1142 798 1237 853 umen
1259 790 1347 864 partis
1362 800 1466 850 nostrae
1481 795 1665 867 sententiam,
1682 795 1749 855 illos
1761 797 1792 855 iu
1822 798 1829 805 '

50 884 147 942 lesus.
168 878 298 938 Charitas
312 893 389 951 ergo,
406 891 473 952 quae
487 875 564 935 inter
577 885 737 952 utrumque
752 878 900 954 dijudicat,
943 879 1141 938 testimonium
1159 889 1271 941 sanctos
1288 880 1476 953 adscivimus,
1496 899 1624 959 quorum
1638 886 1794 945 celeberri-

48 973 90 1032 sic
107 971 191 1030 debet
206 968 327 1042 justitie
352 967 449 1026 lances
475 968 647 1042 appendere,
670 970 712 1027 sic
731 969 901 1030 inconcusso
943 980 989 1024 ma
1001 974 1029 1024 et
1045 975 1127 1025 vetos
1141 968 1239 1042 opinio
1262 969 1347 1028 etiam
1368 970 1445 1043 apud
1467 971 1594 1045 plebeios
1607 973 1752 1047 quoslibet
1765 980 1793 1034 et

48 1059 185 1119 examine
203 1058 348 1134 aequitatis
370 1056 447 1115 inter
469 1072 518 1115 eos
534 1058 603 1131 jnra
616 1074 741 1129 servare,
757 1069 900 1133 quatenus
941 1055 1057 1127 ignaros
1071 1064 1182 1118 maure
1203 1074 1260 1118 non
1276 1059 1382 1133 possit:
1400 1061 1528 1119 Leonem
1546 1061 1689 1133 videlicet,
1705 1071 1792 1138 atque

47 1162 106 1206 non
122 1146 207 1205 modo
220 1143 340 1204 enixius
355 1144 478 1215 studeat,
494 1145 641 1215 nebesac,
659 1147 734 1221 quod
749 1148 832 1219 absit,
848 1165 900 1224 per
941 1146 1123 1220 Gregorium,
1144 1147 1319 1207 clarissimos
1337 1147 1407 1206 olim
1428 1148 1569 1208 Romanae
1583 1150 1660 1211 sedis
1673 1151 1789 1210 antisti-

47 1236 258 1313 impatientiam
284 1244 407 1307 corruat,
436 1251 524 1310 quam
553 1244 586 1296 ut
611 1253 662 1311 per
695 1237 898 1299 satisfactionis
941 1240 992 1304 tes,
1009 1250 1134 1310 quorum
1160 1233 1276 1310 quidem
1294 1234 1366 1293 alter
1383 1236 1550 1296 authentica
1573 1252 1721 1297 canonum
1740 1239 1792 1297 de·

46 1326 144 1400 dignae
166 1323 382 1389 commercium,
406 1329 434 1381 et
457 1324 482 1381 is
506 1339 622 1398 quoque
647 1325 699 1398 qui
726 1324 823 1401 lapsus
846 1333 899 1400 est,
941 1331 1017 1384 creta
1039 1324 1218 1398 promulgare
1239 1324 1312 1383 alter
1332 1323 1490 1384 Ecclesiam
1503 1326 1662 1400 perspicuis
1676 1343 1709 1386 ac
1723 1343 1791 1402 pro-

48 1424 157 1490 surgat.
941 1413 1041 1473 lundis
1062 1413 1185 1473 coelestis
1207 1413 1380 1487 eloquentia
1394 1415 1523 1473 tontibus
1535 1415 1645 1490 irrigat.
1667 1416 1723 1476 Sed
1745 1416 1792 1476 tiis

322 1555 444 1616 CAPUT
461 1556 609 1615 PRIMUM
940 1501 1106 1572 nominatis,
1123 1502 1303 1560 tantumdem
1317 1510 1368 1561 est.
1388 1501 1462 1560 Nam
1474 1510 1502 1561 et
1521 1518 1608 1577 super
1622 1504 1668 1563 his
1682 1504 1792 1563 nihilo·

940 1591 1039 1651 minus
1063 1593 1185 1667 quaestio
1207 1592 1389 1665 geminatur:
1410 1591 1473 1662 Quo
1495 1600 1577 1667 pacto
1597 1593 1664 1667 quis
1682 1602 1793 1654 certum

97 1668 197 1726 albizo
211 1670 280 1724 eto.
295 1669 392 1722 Petrus
409 1669 561 1722 Damianos
576 1684 638 1722 tum
652 1673 759 1738 itania
781 1672 846 1724 tuni
940 1682 1044 1749 teneat,
1065 1685 1163 1737 utrum
1184 1684 1212 1735 et
1234 1678 1282 1737 isti
1307 1678 1376 1737 tales
1393 1679 1513 1747 fuerint,
1535 1679 1642 1755 quibus
1665 1683 1730 1741 sine
1751 1697 1794 1740 re-

222 1756 387 1825 difficultate
405 1757 481 1810 inec
497 1756 578 1810 limen
592 1756 720 1813 admissi.
906 1767 1108 1849 Btractatione
1131 1766 1233 1825 debeat
1256 1768 1328 1826 fides
1353 1768 1578 1839 accommodari,
1609 1769 1673 1829 sive
1703 1772 1792 1830 ebam

81 1863 136 1923 Per
162 1863 293 1937 longiora
320 1868 347 1921 te
372 1863 538 1935 ignotarum
567 1862 722 1935 regionum
749 1862 821 1931 loca,
850 1877 902 1936 per
940 1853 1022 1929 digni
1035 1855 1093 1914 sint
1106 1855 1181 1914 intra
1195 1865 1361 1917 artabrum
1371 1857 1532 1931 catalogum
1548 1861 1720 1934 percenseri.

44 1951 205 2027 praecipitia
228 1952 383 2019 montium,
408 1965 460 2024 per
484 1966 588 2009 saxosa
611 1950 732 2024 Alpium
757 1956 902 2024 prerupta
1279 1978 1402 2041 CAPUT
1419 1980 1459 2040 H·

45 2040 245 2116 quesivimus,
275 2039 390 2136 tandem
418 2037 454 2095 ad
478 2039 599 2110 januam
623 2038 819 2112 pertingentes
838 2045 903 2113 post
976 2069 1082 2126 Rursus
1100 2074 1212 2141 umque
1226 2086 1309 2140 quam
1328 2072 1466 2127 inhoneste
1479 2074 1586 2140 summ
1607 2073 1755 2129 eliminati.

47 2130 271 2228 mmfapsecum
286 2126 404 2224 flumem
419 2134 594 2223 ⁰⁰³¹r3rum’
611 2132 727 2184 mamm
740 2132 836 2227 mein
854 2143 902 2186 w
977 2158 1110 2235 Cumque
1130 2161 1192 2219 haec
1207 2167 1234 2219 et
1248 2161 1305 2219 alia
1317 2162 1404 2237 plura
1422 2163 1454 2220 in
1473 2163 1723 2224 sermocinationis
1745 2164 1792 2223 de

46 2218 160 2276 lumina
171 2215 401 2282 altercationum,
418 2228 485 2271 cum
494 2228 555 2286 Janv
569 2213 667 2286 lapsus
681 2226 755 2286 pene
768 2212 902 2272 deiiceret
940 2266 1030 2311 cursu
1054 2252 1239 2326 impudenter
1260 2252 1421 2325 effluerem,
1440 2270 1507 2328 Μ
1530 2270 1589 2313 non
1605 2254 1691 2314 modo
1705 2254 1791 2314 inum

46 2314 176 2380 spiritus,
189 2320 241 2362 Vll
257 2303 376 2361 demum
395 2309 534 2377 tanquam
552 2309 714 2375 numum
730 2311 832 2376 camus
847 2303 899 2362 '¹⁰'
941 2341 1422 2416 truciumedificationisadquem
1432 2341 1634 2417 gliscebamus,
1646 2343 1792 2415 aberrent,

45 2412 139 2457 ΠΜ
164 2395 283 2454 ³d¹m⁸⁵¹
311 2407 413 2451 sumus
440 2393 587 2465 (mmm
616 2406 694 2450 ⁰⁰¹⁰]
723 2394 797 2450 ‘mm
830 2398 900 2451 ωηο
940 2430 989 2489 sed
1014 2445 1222 2504 supervacuam
1247 2430 1343 2505 potius
1361 2429 1625 2489 interminabilium
1650 2432 1792 2506 quastio-

44 2489 145 2550 Albiw
159 2486 349 2557 mmmm
364 2485 471 2543 intenti
483 2490 584 2542 amem
600 2490 629 2541 et
643 2498 702 2541 ΜΠ
718 2483 899 2582 ωθᾶίωήῑῗῗ
940 2534 1013 2578 num
1029 2518 1183 2592 caliginem
1197 2523 1386 2592 generareut;
1410 2518 1526 2576 mudem
1545 2518 1701 2577 recolentes
1715 2518 1791 2578 illud

45 2578 125 2638 ‘widi
143 2574 342 2635 aedfficatmnis
356 2573 530 2632 ‘mumma
547 2571 705 2646 suscipe&
721 2572 854 2646 munus
867 2587 898 2631 ¹¹¹
940 2626 998 2686 quo
1014 2610 1138 2669 dicitur:
1160 2631 1173 2663 u
1195 2608 1323 2668 Verbum
1338 2608 1539 2669 abbreviatum
1555 2610 1638 2668 iaciet
1649 2609 1792 2669 Dominus

45 2672 116 2767 ipso·
133 2676 242 2765 “¹⁰¹9ae
256 2664 457 2726 ⁰⁰¹¹⁰⁰¹¹ti⁰⁰i⁸
471 2664 592 2762 9¹⁰,sdi0
607 2664 696 2722 ⁰⁰³⁰¹i
711 2679 814 2761 {umus
834 2664 899 2762 ῘΠΓΪ
940 2701 1014 2773 (leci.
1030 2700 1070 2774 x),
1094 2721 1105 2750 »
1125 2697 1208 2772 qnasi
1222 2698 1258 2757 de
1268 2699 1396 2772 spumosi
1413 2698 1503 2756 maris
1517 2699 1684 2772 procellosis
1698 2699 1791 2758 turbi-

46 2772 135 2856 810838
156 2752 330 2828 qmbusdam
353 2749 777 2850 99⁰oe¹¹‚¹¹⁰⁰¹h¹¹s,d⁰⁸⁶sv¹sf³}
800 2757 828 2809 et
848 2766 900 2825 ‘1¹¹¹
941 2788 1029 2846 uibus
1054 2792 1243 2859 emergentes,
1268 2787 1304 2845 ad
1325 2786 1378 2845 tuti
1401 2792 1501 2860 portus
1526 2785 1623 2845 sinum
1648 2787 1793 2861 applicare

45 2843 239 2919 gesuebamus
262 2842 298 2900 de
321 2838 464 2913 spirituali
487 2844 646 2895 certamrue
672 2837 792 2896 subtilia
817 2853 900 2912 quaa·
941 2876 1117 2946 studuimus,
1140 2875 1211 2936 dum
1226 2875 1262 2935 de
1278 2876 1424 2944 charitate,
1440 2876 1472 2934 in
1493 2892 1551 2950 qua
1570 2877 1652 2935 „upa
1669 2876 1793 2951 quaespo

45 2934 113 2993 dam
139 2939 167 2991 et
188 2928 479 3031 ⁰⁰⁰⁰¹¹³‚d¹SCUtes⁰’
505 2925 557 3027 m
584 2926 700 3026 {andem
731 2924 901 2986 summimus
942 2965 1104 3034 videbatur,
1120 2964 1216 3023 adorsi
1231 2980 1342 3023 sumus.
1364 2964 1433 3023 Erat
1447 2965 1555 3040 quippe
1570 2965 1686 3024 interte
1699 2965 1794 3024 etab-

45 3024 197 3102 perplexas
217 3027 392 3095 q⁰ae⁸¹¹⁰¹¹⁰⁸
409 3024 496 3091 atque
520 3015 640 3074 ”mules
657 3021 826 3090 asmgames
848 3016 901 3075 ⁰b‘
945 3053 1038 3111 batem
1074 3051 1116 3112 tui
1156 3052 1321 3112 monasterii
1355 3068 1414 3111 non
1452 3052 1568 3112 terenda
1601 3052 1735 3112 simultas
1765 3059 1794 3113 et

43 3117 142 3191 lecta&
165 3112 273 3184 ineptae
293 3107 426 3167 Videficet
451 3105 509 3164 mis
535 3105 686 3163 materiam
711 3104 879 3202 pmpulfflfe.
892 3129 1101 3202 ‘Cinreterata
1119 3142 1272 3202 discordia.
1298 3143 1351 3203 Ille
1373 3142 1463 3217 igitur
1481 3150 1579 3218 utpote
1592 3144 1637 3203 vir
1652 3144 1741 3215 mitis,
1760 3159 1794 3203 ac

47 3205 153 3281 quippe
173 3209 401 3259 conveneramus
420 3191 525 3257 Ellam,
544 3191 590 3249 vel
606 3190 730 3249 Paulum
747 3190 845 3249 videre
869 3207 899 3249 ιιι

46 3306 142 3352 eremo
169 3284 319 3346 humiliter
345 3279 611 3351 latitantem-citra
636 3295 716 3354 spem
740 3279 901 3355 reperimus

46 3376 258 3457 quodammodo
279 3374 468 3433 Xenocratem
488 3369 518 3428 in
537 3368 691 3443 gymnasio
711 3369 901 3447 grandiloque

48 3467 120 3526 ’789
141 3470 368 3543 proponentem:
391 3461 452 3520 imo
480 3458 589 3533 quibus
613 3474 697 3517 mens
720 3466 781 3519 erat
804 3460 900 3518 imita·

48 3557 136 3616 tionis
157 3553 249 3627 gratia
267 3565 375 3624 agnum
391 3546 557 3620 conspicere
579 3546 690 3615 mitem,
706 3546 829 3604 ferocem
847 3562 899 3620 po·

48 3647 105 3705 tius
127 3650 244 3702 taurum
261 3638 439 3698 incurrimus
457 3633 593 3693 cornibus
612 3634 781 3692 immaniter
804 3635 899 3692 venti·

46 3735 163 3793 tantem.
178 3728 342 3801 interipsas
353 3733 448 3784 tamen
459 3723 654 3796 questionum
665 3721 901 3782 contentionum·

47 3841 103 3900 que
120 3818 307 3881 densissimas
322 3815 489 3890 grandines,
507 3820 592 3888 prout
608 3813 738 3882 licuerat,
757 3812 836 3871 mitis
850 3812 901 3871 ille

46 3902 771 4077 Itjarsaed{gaggiadeffirilirzmadilscrieprclilvigelgltiiecsitlfgmss:
793 3901 903 4051 :lesvtiltla¹
942 3944 1104 4004 rationibus
1131 3941 1365 4002 irrationabiliter
1382 3940 1511 4011 redditis,
1527 3948 1556 4000 et
1569 3957 1638 4000 cum
1651 3940 1748 4015 jurgio
1766 3944 1794 3997 et

893 4081 899 4092 .
943 4034 1046 4092 timore
1060 4033 1242 4106 impatienter
1256 4030 1366 4104 effusis,
1386 4031 1422 4089 ad
1443 4030 1550 4090 trabale
1568 4030 1677 4089 scilicet
1691 4028 1793 4087 odium

46 4096 140 4155 sciens
159 4091 229 4168 quia
252 4095 391 4164 generant
413 4087 494 4152 lites;
520 4100 637 4143 servum
661 4089 760 4142 autem
785 4081 901 4141 [lomim
945 4138 1003 4181 non
1021 4119 1206 4182 evellendum
1232 4121 1282 4180 sed
1297 4120 1415 4179 enixius
1435 4118 1648 4179 radicandum,
1677 4119 1792 4179 ,andem

48 4201 105 4244 ¹¹0⁰
120 4190 229 4257 ⁰P⁰s⁸⁰¹
243 4179 367 4251 ῙῙῑῘθθΓθ*
385 4175 435 4234 ⁸⁸d
454 4180 641 4233 mansuetum
667 4189 730 4232 ⁰⁸⁸²
745 4173 780 4230 ad
798 4188 901 4230 ⁰¹¹¹¹¹⁹⁸
941 4227 993 4285 per
1019 4210 1196 4269 semicinctia
1209 4165 1351 4283 ’coi-repti,
1376 4208 1518 4267 violenter
1539 4166 1735 4275 excludimur,
1765 4214 1794 4265 et

49 4268 317 4421 ¹rgbffi'elriiilia'·t‘rtilliet
331 4272 460 4423 letgguvililsi
474 4261 901 4411 gdrtgltffigrgnc‘pgtffirgeizz
943 4318 1003 4376 prae
1022 4301 1166 4360 damnatis
1183 4299 1295 4360 foribus
1313 4299 1457 4358 familiare
1472 4298 1654 4374 colloquium
1670 4299 1793 4358 ulterius

49 4450 123 4509 tium
147 4449 253 4517 (ibid).
273 4464 287 4497 n
307 4442 383 4501 lllud
400 4456 516 4514 quoqne
531 4456 587 4500 non
602 4455 722 4514 prorsus
734 4438 900 4499 exciderat:

51 4568 64 4596 ι
86 4543 209 4602 Proiana
231 4545 328 4596 autem
352 4544 378 4595 et
400 4552 475 4594 vana
499 4536 615 4609 eloquia
637 4535 747 4594 devita:
778 4535 903 4594 multum

941 3234 1083 3308 simplicis
1098 3233 1201 3304 animi,
1216 3232 1420 3307 sponsionibus
1440 3231 1504 3291 suis
1518 3240 1620 3291 cuncta
1635 3230 1731 3305 dignae
1746 3247 1793 3289 sa·

941 3324 1112 3383 tistartionis
1137 3330 1165 3382 et
1198 3322 1373 3382 humilitatis
1403 3324 1470 3396 jura
1500 3321 1686 3390 transcendit,
1717 3317 1790 3376 ’790

941 3422 968 3472 et
988 3429 1040 3472 nos
1063 3412 1203 3487 sequestri
1221 3412 1337 3470 loederis
1357 3410 1433 3470 inter
1454 3426 1485 3470 se
1510 3418 1537 3469 et
1560 3418 1587 3469 te
1607 3416 1793 3469 exsecutores

941 3502 1076 3562 instituit.
1092 3500 1202 3560 Verum
1216 3516 1269 3559 nos
1281 3501 1352 3559 dum
1365 3499 1468 3558 alienis
1482 3498 1617 3558 amicitiis
1627 3499 1793 3557 inconsulte

941 3590 1133 3663 mnsnlimus,
1160 3592 1191 3651 in
1219 3589 1402 3666 implacabile
1429 3590 1529 3649 odium
1555 3589 1665 3664 proprii
1691 3588 1793 3663 capitis

941 3678 1071 3737 devoluti
1085 3693 1187 3737 sumus
1201 3697 1208 3737 :
1230 3677 1304 3753 quin
1318 3678 1414 3751 potius
1432 3677 1464 3735 in
1479 3677 1649 3736 oblatrantis
1662 3675 1792 3749 tibarvb·

941 3767 986 3826 dis
1001 3768 1076 3828 latus
1091 3767 1258 3838 incidimus,
1273 3756 1325 3842 qrii
1340 3782 1393 3826 nos
1416 3764 1548 3841 Scyllaeae
1561 3764 1707 3840 voraginis
1721 3778 1791 3823 nau·

944 3858 1071 3929 fragium
1090 3856 1215 3915 evasisse
1237 3855 1442 3915 credebamus:
1460 3854 1565 3914 debinc
1588 3855 1689 3929 paucis
1709 3850 1794 3928 quasi

944 4406 1000 4449 uon
1021 4404 1174 4448 meremur.
1199 4386 1292 4463 Digna
1314 4386 1585 4448 nimirumultione
1608 4387 1734 4458 multati,
1761 4393 1793 4447 ut

908 4481 995 4556 pqui
1021 4479 1051 4537 iu
1075 4478 1311 4538 commendanda
1333 4476 1480 4536 charitatis
1493 4476 1604 4535 crimen
1626 4476 1793 4547 incidimus,

945 4585 973 4632 et
986 4573 1064 4649 qnod
1078 4572 1109 4631 in
1126 4572 1284 4632 homicidas
1297 4572 1403 4631 durum
1416 4576 1468 4641 est,
1482 4577 1619 4645 perpetuo
1634 4570 1713 4642 digni
1728 4569 1795 4629 odio

945 4678 1140 4722 censeremur.
1165 4662 1373 4720 Vemmtamen
1391 4674 1428 4718 ne
1445 4659 1480 4718 de
1503 4658 1550 4717 liis
1575 4658 1677 4717 leviter
1702 4658 1797 4716 ridere

947 4753 1108 4823 videamur,
1124 4768 1190 4827 quae
1203 4752 1260 4826 piis
1275 4749 1420 4810 mentibus
1436 4749 1561 4808 fraterna
1580 4754 1649 4808 sunt
1663 4763 1794 4822 compas-

944 4843 1027 4903 sione
1061 4842 1194 4917 legenda,
1226 4841 1388 4900 inhonesta
1427 4839 1607 4900 confusionis
1643 4838 1795 4898 historiam

945 4936 1097 5012 bucusque
1109 4934 1293 4994 contexuisse
1306 4931 1439 4993 sufficiat.

49 4633 129 4693 enim
156 4628 311 4704 proliciunt
337 4627 372 4685 ad
398 4626 575 4702 impietatem
604 4629 707 4701 (ibid).
728 4653 742 4677 »
766 4626 844 4696 llaec,
876 4635 905 4687 et

12 4716 16 4723 ’
50 4717 217 4796 hujusmodi
243 4717 327 4776 nobis
354 4718 436 4776 tacite
462 4717 688 4789 conterentibus,
717 4713 789 4775 illud
818 4715 903 4775 etiam

49 4829 117 4873 cum
130 4808 230 4870 eodem
246 4808 392 4883 Apostolo,
408 4809 534 4868 clamoso
549 4808 677 4883 quodam
692 4807 819 4878 silentio,
833 4823 903 4866 con·

48 4903 167 4964 scientia
192 4898 398 4974 respondebat:
426 4923 439 4947 «ι
460 4896 583 4970 Siquis,
599 4897 732 4972 inquam,
750 4896 814 4956 vult
834 4911 903 4954 cou-

50 4994 190 5053 tentiosus
209 5005 281 5059 esse,
304 5004 358 5046 nos
383 4986 552 5060 hujusmodi
576 4986 819 5045 consuetudinem
845 5001 902 5045 non

51 5083 193 5141 babemus
206 5082 230 5148 (l
248 5080 308 5136 cor.
328 5078 381 5145 ιιι).
404 5099 417 5125 n
438 5074 514 5145 Quid
528 5073 633 5147 plural
645 5073 775 5133 Tandem
789 5089 857 5133 cum
872 5074 902 5131 iu
1273 5056 1396 5116 CAPUT
1409 5055 1463 5115 ΙΙΙ.
1500 5074 1508 5093 ⁸

50 5177 128 5230 arcto
153 5168 238 5241 positi
269 5164 474 5240 multiplicium
500 5162 696 5234 obJ‘ectronum
728 5161 904 5220 vallaremur
962 5154 1039 5221 Quod
1055 5147 1498 5209 mametcteoroemoraatibm
1509 5147 1674 5216 dimittitisae
1688 5149 1779 5202 tamor

51 5257 203 5333 angustiis,
217 5256 268 5316 nbi
285 5252 474 5314 ratiocinandi
488 5250 570 5327 copia
585 5258 735 5325 suppetere
748 5250 843 5313 desiit,
866 5251 902 5308 ad
1293 5235 1433 5307 thietwi-

52 5355 217 5409 sanctorum
232 5362 300 5405 mon
321 5344 453 5419 exempla
466 5343 663 5417 confugimus,
682 5348 714 5400 ut
729 5339 789 5399 illis
802 5342 903 5399 saltem
981 5336 1065 5394 Nunc
1078 5333 1157 5393 unde
1167 5330 1221 5390 tibi
1233 5329 1321 5404 hujus
1332 5327 1412 5401 origo
1427 5325 1565 5386 morbidae
1577 5324 1652 5383 tabis
1662 5323 1796 5397 obrepse

52 5439 125 5497 tides
147 5438 286 5496 habeatur
306 5452 431 5512 quorum
457 5435 616 5494 auctoritas
642 5433 676 5492 ad
704 5433 902 5507 probationem
944 5425 991 5494 rit,
1014 5421 1212 5481 tavrtnmmcdo
1227 5427 1253 5478 te
1267 5420 1292 5478 si
1306 5419 1344 5477 sit
1367 5414 1501 5489 possibile
1514 5413 1617 5473 audire
1641 5412 1794 5488 patienter,

51 5527 251 5602 cuiuscunque
273 5525 380 5599 negotii
402 5526 602 5584 incunctanter
619 5522 791 5582 admittitur.
812 5523 902 5579 Cum·
943 5531 996 5587 ego
1019 5529 1076 5572 non
1097 5511 1238 5587 gravabor
1258 5523 1413 5585 exponere.
1430 5506 1518 5565 Nulla
1541 5503 1690 5579 siquidem
1712 5502 1797 5560 disci-

51 5634 108 5693 que
133 5630 219 5688 super
242 5613 366 5685 quodam
391 5612 605 5687 disceptationis
633 5611 755 5670 articulo
784 5618 902 5670 sanctus
942 5605 1032 5679 plina,
1056 5610 1089 5662 ut
1107 5601 1223 5669 dicitur,
1251 5599 1418 5657 monasticae
1446 5593 1640 5654 iustitutionis
1666 5591 1794 5663 attritus,

53 5704 231 5767 Romuatdus
244 5702 274 5759 in
289 5702 486 5760 testimonium
499 5700 663 5771 duceretur,
679 5707 782 5774 presto
795 5697 903 5773 quaesi·
943 5698 998 5756 sub
1013 5693 1093 5754 nutla
1108 5705 1249 5768 majoram
1263 5689 1393 5749 emtodra
1411 5691 1581 5757 maceratus,
1596 5683 1627 5743 in
1643 5683 1706 5757 ipso
1719 5694 1791 5738 con·
