4017 6192
202 319 255 380 iis
742 326 869 388 OPUSC.
892 329 938 388 tt.
959 360 994 374 -
1013 327 1061 388 DE
1080 328 1172 390 VITA
1190 330 1406 391 submittet.
1896 340 1951 402 iso

203 460 289 519 porro
312 445 429 504 civitate
449 454 566 507 sanctus
589 448 762 524 illeJl'obias
785 452 896 510 aiebat:
926 475 936 504 ι
966 452 1224 529 Portaetiutroque
1249 436 1393 528 proce'dat.
1415 456 1481 515 Illic
1502 455 1668 518 videbimus
1689 462 1833 533 quomodo
1846 462 1881 533 is,
1897 464 1949 536 qui

207 532 391 593 Hierusalem
408 550 447 593 oi
467 537 602 612 sapphiro
614 545 642 596 et
655 541 805 612 smaragdo
819 541 1054 613 aedifimbuntur3
1097 556 1242 616 nusquam
1254 542 1344 615 deest,
1360 559 1419 604 uon
1433 561 1484 619 per
1498 553 1605 621 partes
1623 569 1661 592 -··
1699 571 1706 585 ·
1750 573 1754 581 ·
1804 573 1805 576 ¹
1873 575 1907 585 ·’

203 627 232 680 et
244 636 283 678 eii
297 620 392 694 lapide
406 623 530 695 pretioso
546 627 641 684 omnis
652 627 792 686 circuitus
807 643 957 687 murorum
972 629 1053 701 ejus;
1096 630 1243 698 mamerto
1259 629 1351 680 otiam
1370 632 1437 681 iteri
1456 622 1554 696 possit,
1578 629 1612 681 ut
1631 629 1660 682 et
1676 621 1806 680 intendat
1825 622 1950 697 singulis

203 724 242 768 ex
257 710 353 783 lapide
365 712 490 771 candido
505 721 533 771 et
547 715 657 774 mundo
672 732 774 774 omnes
787 716 890 790 plateae
904 717 968 788 ejus
982 724 1056 773 ster-
1096 718 1235 785 tanquam
1263 717 1343 769 vacet
1376 710 1413 768 ab
1447 709 1610 779 universim
1645 708 1776 769 intendat
1801 709 1950 769 universis

207 804 331 863 uentur;
356 803 385 854 et
403 813 454 870 per
468 801 547 860 vicos
566 802 629 875 eJ‘us
653 801 770 862 alleluia
793 801 955 860 mutabitur
979 805 1057 872 (Tot.
1098 808 1236 875 tanquam
1251 806 1332 857 vacet
1344 814 1361 857 a
1375 798 1519 873 singulis;
1547 798 1692 875 quomodo
1707 800 1741 868 is,
1757 798 1807 873 qui
1826 796 1950 857 coelesti·

205 886 278 959 xiii).
297 911 310 935 »
327 884 368 944 De
382 886 437 945 bac
454 896 482 947 et
503 888 629 949 loannes
646 892 702 949 ait:
727 914 737 943 ι
754 892 828 961 Quia
850 891 974 965 singulae
991 908 1059 965 por·
1099 890 1154 948 bus
1177 889 1357 963 praeeminet,
1385 888 1483 962 abyssi
1509 888 1697 946 fundamenta
1722 893 1878 957 sustentet;
1897 887 1950 960 qui

207 981 244 1034 tae
258 976 417 1049 ejuserant
430 993 467 1035 ex
483 977 607 1051 singulis
631 981 805 1054 margaritis,
819 987 849 1039 et
872 980 963 1053 platea
986 980 1059 1039 civi·
1099 976 1205 1036 mundi
1232 977 1335 1036 intima
1355 983 1494 1051 penetrat,
1509 976 1653 1052 quomodo
1679 976 1822 1036 exteriora
1848 980 1951 1035 cuncta

207 1064 274 1125 tatis
297 1081 402 1125 aurum
427 1068 580 1134 mundum,
596 1075 735 1145 tauquam
753 1071 859 1128 vitrum
876 1069 1059 1143 perlucidum
1100 1067 1268 1126 circumdat.
1288 1065 1353 1125 lltic
1377 1067 1473 1126 odoris
1490 1066 1619 1126 suavitas
1642 1072 1814 1125 cunctorum
1836 1065 1951 1125 excedit

206 1156 305 1227 (Apoe.
330 1159 405 1224 xxi).
431 1180 444 1203 ι
468 1155 509 1214 ile
533 1172 590 1231 qua
608 1156 695 1216 etiam
717 1172 787 1216 mox
807 1158 930 1230 adjecit:
955 1154 1060 1225 «Quia
1099 1155 1177 1214 vires
1201 1162 1374 1226 ammaum,
1401 1169 1520 1214 omnem
1548 1161 1665 1229 superat
1689 1154 1877 1225 fragrantiam
1904 1154 1950 1227 pi-

204 1232 264 1304 non
292 1250 357 1320 eget
376 1245 446 1315 sole,
462 1262 557 1323 neque
575 1247 665 1320 luna3
687 1248 737 1308 sed
752 1247 866 1311 claritas
881 1247 932 1306 Dei
946 1245 1058 1305 illumi·
1099 1249 1293 1319 gmeutorum.
1308 1244 1373 1303 Illic
1396 1244 1547 1303 beatorum
1561 1260 1647 1303 aures
1659 1242 1839 1301 harmonicae
1851 1241 1950 1301 dulce-

205 1332 287 1391 uabit
311 1349 387 1393 eam.
413 1340 441 1392 et
462 1334 580 1394 lucerna
602 1338 666 1410 ejus
687 1343 730 1396 est
746 1352 840 1411 agnus
862 1336 962 1406 libidt.
983 1357 997 1386 ιι
1014 1332 1059 1392 111
1099 1336 1431 1411 diuisorganametodia
1444 1335 1633 1411 permulcent.
1648 1333 1952 1408 Illicpratisjucunda

205 1428 460 1496 ptaetermnatura
474 1424 614 1495 bumana,
631 1441 698 1499 quae
713 1425 812 1483 vitiata
827 1425 929 1494 iuerat,
947 1422 1060 1482 cunctis
1100 1425 1169 1484 satis
1192 1425 1358 1485 amoenitate
1384 1425 1583 1495 vernantibus,
1611 1423 1763 1484 candentia
1792 1423 1854 1482 lilia
1879 1439 1953 1483 nun·

208 1510 375 1586 passionum
392 1510 576 1585 squaloribus
594 1513 729 1572 delassata
750 1512 898 1587 tripudiat,
919 1515 948 1569 et
959 1526 1059 1584 azyma
1099 1528 1188 1588 quani
1201 1514 1347 1585 desidunt,
1369 1530 1500 1589 rosaeque
1525 1529 1681 1589 purpurea
1696 1528 1763 1572 cum
1777 1513 1885 1572 croceis
1899 1513 1952 1571 ilo-

207 1595 293 1669 iacta,
321 1598 352 1656 in
377 1614 440 1659 suae
462 1600 596 1674 puritatis
614 1608 700 1677 atque
720 1600 893 1660 sinceritatis
915 1597 1059 1658 munditia
1099 1605 1182 1665 ribus
1213 1621 1273 1665 uon
1301 1610 1490 1665 marcescunt.
1521 1604 1558 1662 Et
1585 1610 1662 1664 certe
1689 1604 1725 1664 de
1750 1604 1802 1663 ilia
1829 1603 1952 1664 coelestis

206 1694 380 1761 perseverat.
397 1688 471 1749 Cum
485 1691 589 1766 spiritu
602 1691 757 1766 siquidem,
771 1698 800 1749 et
817 1704 883 1748 caro
899 1687 1059 1762 spiritualis
1099 1694 1282 1754 Hierusalem
1296 1694 1475 1753 beatitudine
1494 1694 1671 1768 sempiterna
1685 1691 1951 1767 incomparabiliter

209 1775 294 1847 saell,
318 1778 489 1849 fflssfflfflaii
507 1794 541 1838 ³0
563 1786 639 1839 101118
657 1782 746 1839 homo
765 1780 811 1838 sui
830 1777 993 1838 Conditoris
1011 1792 1059 1834 at·
1071 1784 1166 1867 Bplus
1178 1792 1220 1842 est
1233 1783 1264 1843 iii
1281 1799 1311 1843 re
1328 1798 1417 1858 quani
1433 1798 1515 1842 meus
1529 1782 1618 1857 possit
1632 1782 1761 1841 bumana
1778 1780 1928 1854 concipere
1943 1800 1950 1850 ;

210 1866 297 1926 bitrio
309 1867 340 1925 in
356 1868 439 1928 nullo
453 1870 568 1943 penitus
581 1869 718 1930 dissonat.
733 1869 816 1930 Tunc
830 1867 969 1942 impletur
982 1865 1060 1941 quod
1100 1872 1167 1947 plus
1194 1879 1291 1931 mente
1312 1873 1475 1947 concipitur
1497 1887 1586 1946 quain
1607 1870 1677 1930 uilis
1693 1870 1876 1931 sermonibus
1900 1886 1953 1929 eii-

209 1973 323 2033 sponsae
334 1973 458 2031 sponsus
470 1956 632 2032 eloquitur:
653 1981 663 2010 ι
685 1957 766 2027 Veni,
782 1972 886 2030 sponsa
901 1970 975 2025 meu,
991 1960 1062 2012 tem·
1102 1961 1232 2034 plicetur.
1249 1960 1324 2031 Qui'd
1339 1976 1407 2034 ergo
1429 1961 1513 2035 plura
1531 1961 1567 2020 de
1592 1960 1653 2021 illis
1676 1961 1828 2020 beatorum
1843 1960 1954 2029 civium

210 2066 265 2124 pus
274 2051 431 2125 putationis
440 2051 559 2110 advenit
570 2054 661 2121 (dont.
670 2056 711 2122 u).
728 2078 741 2101 »
757 2050 980 2112 Surcutuseuim
992 2063 1061 2108 cum
1100 2051 1215 2124 gaudiis
1238 2051 1380 2127 eloquar?
1400 2048 1641 2125 Quandoquidem
1656 2066 1757 2110 eorum
1779 2050 1955 2110 felicissima

208 2145 337 2214 putatur,
353 2147 519 2198 remanente
540 2140 618 2214 quod
634 2141 704 2199 utile
718 2146 769 2209 est,
784 2139 965 2199 abscinditur
982 2137 1060 2213 quod
1102 2139 1245 2199 voluntati
1272 2144 1376 2197 cuncta
1403 2153 1522 2212 prorsus
1548 2139 1693 2198 elementa
1719 2138 1898 2209 deserviunt,
1927 2143 1955 2197 et

210 2226 391 2301 superfluum
406 2231 459 2285 est.
480 2224 528 2286 Sic
546 2242 584 2285 ex
609 2227 739 2286 bumana
752 2235 857 2286 natura
875 2232 973 2286 manet
992 2224 1063 2300 qui·
1104 2236 1208 2289 cuncta
1222 2227 1257 2287 ad
1273 2244 1373 2289 eorum
1388 2236 1505 2303 nutum,
1520 2227 1619 2287 omnia
1634 2227 1671 2287 ad
1685 2244 1787 2287 eorum
1803 2233 1956 2288 vertuntur

210 2311 277 2371 dem
304 2328 392 2373 omne
427 2314 504 2390 quod
531 2313 667 2374 Conditor
693 2315 777 2387 iecit3
816 2314 927 2374 tollitur
964 2318 1064 2373 autem
1104 2320 1267 2379 arbitrium.
1282 2318 1355 2379 Vera
1365 2319 1473 2394 quippe
1483 2325 1526 2378 est
1538 2318 1681 2378 sententia
1695 2317 1746 2378 illa
1758 2317 1955 2396 quadicitur:

212 2401 290 2478 quod
302 2402 436 2463 diabolus
448 2404 567 2464 addidit.
583 2406 646 2466 Illic
657 2423 760 2466 armna
771 2407 955 2481 singulorum
965 2412 1064 2480 patent
1107 2434 1119 2461 ι
1135 2407 1240 2468 Omnia
1253 2423 1437 2483 quaecuuque
1450 2408 1543 2467 voluit
1554 2409 1705 2477 Dominus,
1721 2408 1787 2468 lecit
1799 2409 1829 2466 in
1843 2407 1916 2467 coelo
1929 2413 1958 2465 et

211 2494 305 2553 oculis
316 2495 459 2555 omnium.
471 2495 676 2556 Illicomnium
688 2504 799 2557 mentes
811 2498 841 2556 in
852 2496 947 2556 mutui
956 2494 1065 2555 amoris
1106 2497 1139 2555 in
1171 2501 1267 2566 terra;
1295 2495 1327 2554 in
1355 2495 1429 2555 mari
1456 2501 1485 2555 et
1511 2495 1544 2553 in
1573 2495 1711 2555 omnibus
1734 2494 1847 2570 abyssis
1869 2495 1955 2563 (Psoi.

211 2583 322 2642 unione
334 2584 474 2657 mullatae,
489 2584 570 2644 nulla
585 2585 711 2646 invicem
726 2587 863 2645 varietate
873 2584 1064 2657 dissentiunt;
1105 2590 1246 2653 cxxxii).
1277 2609 1290 2633 ι
1317 2583 1353 2641 Et
1371 2583 1448 2659 quod
1468 2584 1504 2642 de
1519 2584 1610 2658 capite
1624 2582 1741 2654 dicitur,
1760 2582 1796 2640 de
1820 2581 1958 2641 membris

214 2672 263 2729 sed
279 2673 309 2730 iii
323 2671 473 2732 communi
485 2674 644 2733 voluntatis
656 2674 753 2735 studio
766 2689 867 2734 omnes
887 2673 1065 2733 unanimiter
1105 2689 1222 2750 quoque
1235 2673 1316 2732 illius
1327 2672 1449 2745 dignum
1462 2679 1505 2732 est
1518 2678 1551 2731 ut
1563 2673 1704 2732 credatur.
1725 2671 1780 2730 His
1793 2678 1820 2729 te
1831 2670 1957 2745 gaudiis,

215 2762 402 2823 ioederantur.
422 2764 508 2838 Apud
529 2780 592 2835 uos,
619 2782 687 2826 cuni
714 2781 773 2825 una
793 2766 932 2825 festivitas
949 2764 1064 2836 colitur,
1106 2763 1281 2823 venerabilis
1316 2777 1404 2835 soror,
1448 2761 1526 2822 Deus
1562 2762 1746 2836 omnipotens
1783 2761 1958 2829 introducat,

215 2853 307 2912 atteia
323 2869 381 2911 non
397 2851 539 2925 babetur;
560 2854 622 2913 illic
634 2862 731 2914 autem
747 2855 881 2914 oninium
897 2852 1067 2912 solemnita-
1106 2850 1225 2924 ipseque
1241 2850 1292 2908 tibi
1307 2850 1345 2908 sit
1362 2850 1530 2922 praemium,
1557 2865 1624 2909 cum
1646 2850 1777 2919 assumit,
1797 2848 1848 2923 qui
1868 2848 1961 2906 iectus

216 2948 279 3001 tum
293 2958 407 3016 semper
420 2949 463 3002 est
475 2952 641 3003 coacervata
657 2943 767 3017 laetitia,
790 2945 859 3019 quia
875 2943 919 3002 illi
936 2959 1066 3017 praesen·
1107 2943 1150 2995 cst
1173 2935 1309 3009 pretium,
1337 2951 1404 2994 cum
1427 2936 1558 2994 redemit.
1584 2936 1760 2995 Commendo
1785 2951 1833 2993 me
1856 2934 1960 3010 Mopsi,

218 3037 259 3091 tes
281 3032 429 3103 assismnt,
455 3033 507 3107 qui
533 3033 749 3094 solemnitatum
768 3041 837 3094 sunt
855 3033 956 3106 procul
977 3031 1068 3092 dubio
1107 3031 1137 3083 et
1160 3025 1258 3085 Aaron
1284 3025 1407 3086 ducibufl
1432 3026 1499 3096 illis,
1528 3026 1635 3085 sanctis
1661 3025 1795 3084 Videlicet
1820 3022 1908 3082 Viilli
1933 3028 1962 3081 θῑ

216 3133 314 3177 causa.
341 3118 425 3178 Deest
450 3121 510 3179 illic
530 3121 704 3195 ignorantia,
724 3121 803 3181 deest
828 3120 1064 3196 impossibilitas3
1078 3117 1263 3224 Gilodutpbo
1284 3118 1463 3193 presbyteris
1483 3119 1557 3192 (ib);
1580 3118 1631 3193 qui
1655 3117 1789 3177 videlicet
1813 3115 1960 3184 noverint,

215 3206 286 3281 quia
322 3208 353 3266 in
391 3207 463 3265 ’786
493 3209 652 3285 Sapientia,
680 3213 727 3271 cui
754 3210 830 3272 uniti
857 3218 936 3281 suut,
964 3218 1067 3270 cuncta
1109 3208 1178 3282 quia
1203 3209 1320 3278 idcireo,
1347 3218 1446 3267 contra
1471 3223 1581 3267 morem
1607 3208 1746 3282 epistolar,
1765 3206 1864 3267 titulos
1888 3206 1963 3265 inse

178 3338 183 3351 .
217 3292 330 3365 sciuut;
345 3294 377 3353 in
391 3293 596 3371 omnipotente
609 3298 707 3358 omnia
720 3304 849 3373 possunt.
866 3298 930 3357 illic
943 3300 1069 3358 revetata
1110 3299 1235 3370 ruimus,
1249 3306 1282 3358 ut
1295 3299 1439 3357 inebmati
1453 3306 1540 3375 atque
1551 3298 1660 3374 prolixi
1674 3300 1743 3374 styli
1755 3298 1865 3372 duplex
1880 3296 1963 3357 fasti·

217 3380 292 3439 iacie
334 3382 554 3454 contuebimur,
594 3386 739 3461 quomodo
774 3387 858 3447 Pater
884 3387 1070 3446 ineffabiliter
1111 3386 1194 3446 dium
1207 3386 1379 3446 levaremus.

219 3468 329 3529 Filium
366 3471 479 3547 gignat,
519 3475 667 3548 quomodo
711 3473 836 3550 Spiritus
875 3483 992 3535 sauctus
1032 3490 1071 3534 ex
1290 3477 1336 3533 stt
1359 3492 1455 3532 nomen
1473 3477 1583 3532 bomini
1606 3476 1783 3536 imadiction

250 3631 306 3696 (io)
322 3631 358 3684 lte
373 3630 450 3685 vituli
465 3636 492 3686 et
507 3633 648 3700 uodmptio
661 3632 725 3687 ride
739 3635 881 3699 epistolam
893 3636 931 3697 it,
942 3634 1004 3687 libri
1016 3647 1044 3687 v.

223 3808 1961 3842 ·—··-——·-———————-——-————-—-f——-———-—-—-——-——-

261 3937 422 4001 ’θ’-’88
464 3959 879 4080 opuscunuu
932 3965 1578 4099 ouiuouucnsiunu
1632 3969 1925 4081 PRIMUM.

631 4174 684 4237 on
705 4175 800 4239 viri
819 4174 1048 4253 caruimus,
1069 4174 1123 4238 nu
1135 4153 1334 4238 'capuanis
1352 4174 1555 4239 susurris.

223 4484 448 4566 Anonumiuii.
465 4516 497 4528 -
513 4484 678 4546 leuzonem
694 4488 881 4561 monachum,
903 4505 974 4549 mox
991 4491 1141 4550 micante
1157 4488 1315 4563 insignem,
1330 4490 1383 4565 qui
1398 4491 1435 4550 ab
1448 4491 1551 4552 abbate
1567 4490 1750 4564 dissentiens,
1767 4494 1971 4555 emonasterio

257 4557 435 4628 discesserat,
450 4568 478 4617 et
490 4559 589 4632 ipsum
602 4565 735 4619 sanctum
750 4561 906 4630 doctorem,
920 4562 971 4635 qui
988 4576 1048 4621 una
1066 4577 1133 4623 cum
1154 4563 1253 4620 eodem
1273 4561 1375 4619 abbate
1395 4570 1428 4621 ut
1452 4579 1501 4623 eos
1518 4564 1644 4623 invicem
1659 4565 1865 4636 reconciliaret,
1885 4567 1921 4625 ad
1940 4582 1971 4625 se

260 4636 388 4697 venerat,
408 4635 471 4702 post
488 4629 594 4688 multas
608 4631 809 4697 contumelias,
827 4632 942 4690 tandein
954 4648 971 4692 e
984 4632 1057 4692 cella
1071 4633 1195 4715 expulit,
1215 4631 1470 4691 mansuetudinem
1490 4642 1517 4693 et
1536 4636 1706 4714 modestiam
1721 4635 1868 4695 traducere
1884 4652 1972 4697 cona-

261 4706 324 4770 tur;
349 4698 420 4758 dum
435 4700 463 4758 ei
478 4706 565 4759 tautae
580 4701 837 4774 superbissimas
851 4708 879 4760 et
898 4703 991 4761 tontes
1007 4713 1145 4777 exponit:
1173 4704 1326 4773 nimirum,
1370 4704 1427 4762 uod
1448 4704 1502 4762 sub
1522 4706 1633 4763 nultius
1653 4706 1814 4779 disciplina,
1835 4709 1884 4766 sed
1907 4718 1971 4768 tau·

261 4785 348 4845 quam
362 4770 484 4845 sibiipsi
498 4773 842 4846 praemonueratis
858 4772 925 4832 vitai
939 4773 1107 4834 institutum
1130 4781 1271 4844 sectatus;
1297 4789 1337 4848 qu
1376 4789 1443 4854 que,
1469 4790 1542 4854 cum·
1554 4774 1702 4833 eremitam
1722 4778 1914 4849 profiteretur,
1940 4780 1972 4838 in

263 4840 358 4899 media
382 4847 477 4901 tamen
502 4843 575 4902 urbe
588 4849 617 4900 et
639 4843 823 4902 saecularium
849 4844 1038 4904 multitudiue
1052 4846 1141 4903 vitain
1163 4844 1333 4902 traduceret.
1349 4844 1451 4916 igitur,
1469 4861 1505 4901 na
1519 4846 1666 4917 singulare
1687 4845 1804 4904 vivendi
1820 4864 1913 4919 genus
1927 4865 1973 4907 se-

262 4919 381 4985 quatur,
394 4911 549 4971 admonet:
575 4914 753 4988 quodquam
768 4915 963 4989 perniciosum
976 4918 1023 4985 sit,
1041 4917 1247 4996 monachorum
1262 4912 1457 5042 quorumdam
1473 4914 1547 4974 tristi
1563 4914 1645 4974 exitu
1661 4918 1771 4997 probat.
1785 4916 1973 4978 Discretiouis

262 4997 379 5063 quoque
405 4984 485 5063 ireno
510 4985 685 5043 cohibendas
707 5000 769 5043 esse
794 4988 1003 5045 monachorum
1025 4994 1154 5045 actiones
1180 4992 1260 5043 osten
1282 4989 1314 5040 it.
1333 4983 1518 5066 Audenam,
1537 4986 1623 5046 uede
1639 4995 1813 5069 seipsoltam
1836 4990 1980 5062 praeclare

262 5061 401 5119 sentiens,
417 5053 489 5112 alios
504 5062 679 5126 contemnat,
705 5056 827 5115 virtutes
844 5057 870 5115 ei
891 5059 1083 5129 quorumdem
1111 5064 1177 5116 ante
1191 5058 1290 5114 oculos
1305 5065 1395 5129 ponit,
1412 5073 1463 5133 qui
1479 5067 1574 5117 tamen
1592 5059 1797 5117 modestissimi
1812 5069 1901 5131 eraut,
1918 5076 1973 5120 nec

261 5130 294 5183 ut
307 5123 367 5191 ille,
384 5140 415 5183 se
428 5126 593 5184 efferebant.
610 5127 741 5185 Tandem
756 5134 790 5186 ut
803 5127 828 5186 ei
843 5128 1017 5188 humilitatis
1037 5129 1205 5202 exemptum
1221 5128 1356 5201 praebeat,
1379 5132 1494 5189 veniam
1508 5131 1545 5189 ab
1559 5128 1610 5189 illo
1623 5130 1702 5205 petit,
1718 5132 1743 5189 si
1756 5130 1829 5204 quid
1842 5132 1973 5207 asperius

260 5196 380 5254 tortasse
393 5210 410 5253 a
427 5211 458 5254 se
471 5194 580 5256 dictum
596 5196 738 5258 videatur.
1740 5242 1744 5247 .

264 5354 377 5414 Domno
395 5353 526 5414 Teutoni
548 5353 677 5413 eremitae
699 5354 815 5415 Pettius
834 5362 964 5431 pecmtor
978 5354 1251 5429 mona-Detriugat.
1268 5353 1340 5413 Nam
1356 5352 1428 5414 duni
1451 5353 1566 5413 sibimet
1580 5354 1663 5429 quasi
1677 5370 1715 5413 ex
1731 5356 1840 5418 virtute
1860 5360 1975 5433 patieu-

225 5444 300 5502 cbus
315 5443 811 5503 resumendaecliaritatisacuieum.
1122 5443 1171 5502 tiee
1198 5442 1332 5511 consulit,
1366 5443 1447 5516 tapso
1481 5443 1564 5500 tratri
1597 5443 1754 5504 salutilerae
1786 5450 1975 5524 correptionis

264 5532 408 5591 Minusse
428 5533 597 5606 proximum
617 5548 714 5593 amare
729 5532 924 5607 convincitur,
942 5534 992 5609 qui
1014 5550 1081 5609 per·
1123 5549 1244 5593 manum
1266 5532 1414 5607 porrigere
1442 5533 1638 5607 parvipendis
1670 5535 1799 5614 donique
1830 5543 1975 5614 patieutiae

229 5619 296 5679 latae
320 5620 449 5682 lesionis
465 5623 603 5698 injuriam
625 5623 666 5684 sic
684 5625 715 5683 iu
732 5632 880 5684 auctorem
898 5628 1082 5699 expostulare
1122 5623 1320 5684 immoderatae
1328 5622 1464 5693 deservit,
1473 5622 1637 5684 imminutae
1648 5626 1795 5687 charitatis
1802 5633 1974 5690 sententiam

232 5709 410 5786 dissimulat,
432 5722 464 5773 ut
484 5713 604 5774 omnino
626 5731 658 5775 se
680 5715 735 5775 sub
750 5716 859 5774 silentii
875 5731 998 5775 censura
1013 5731 1082 5775 con-
1123 5731 1180 5774 nou
1204 5714 1308 5773 avadit.
1330 5713 1392 5772 Non
1409 5714 1490 5772 cuim
1505 5713 1576 5774 dicit
1588 5715 1752 5779 Dumium:
1769 5718 1801 5779 Si
1816 5721 1975 5794 peccaverit
