<?xml version="1.0" encoding="UTF-8"?>
<!DOCTYPE html PUBLIC "-//W3C//DTD XHTML 1.0 Transitional//EN"
    "http://www.w3.org/TR/xhtml1/DTD/xhtml1-transitional.dtd">
<html xmlns="http://www.w3.org/1999/xhtml" xml:lang="en" lang="en">
 <head>
  <title>
</title>
<meta http-equiv="Content-Type" content="text/html;charset=utf-8" />
  <meta name='ocr-system' content='tesseract 3.04.00' />
  <meta name='ocr-capabilities' content='ocr_page ocr_carea ocr_par ocr_line ocrx_word'/>
</head>
<body>
  <div class='ocr_page' id='page_1' title='image "./patrologiaecurs129migngoog_0381.png"; bbox 0 0 4017 6192; ppageno 0'>
   <div class='ocr_carea' id='block_1_1' title="bbox 251 206 1868 321">
    <p class='ocr_par' dir='ltr' id='par_1_1' title="bbox 251 206 1868 321">
     <span class='ocr_line' id='line_1_1' title="bbox 251 206 1868 321; baseline -0.011 -2"><span class='ocrx_word' id='word_1_1' title='bbox 251 263 304 321; x_wconf 75' lang='lat' dir='ltr'>tta</span> <span class='ocrx_word' id='word_1_2' title='bbox 481 258 512 314; x_wconf 84' lang='lat' dir='ltr'>S.</span> <span class='ocrx_word' id='word_1_3' title='bbox 531 255 634 313; x_wconf 75' lang='lat' dir='ltr'>lurni</span> <span class='ocrx_word' id='word_1_4' title='bbox 652 253 791 309; x_wconf 73' lang='lat' dir='ltr'>baulani</span> <span class='ocrx_word' id='word_1_5' title='bbox 811 206 886 309; x_wconf 72' lang='lat' dir='ltr'>obv.</span> <span class='ocrx_word' id='word_1_6' title='bbox 907 248 1024 307; x_wconf 77' lang='lat' dir='ltr'>tonus</span> <span class='ocrx_word' id='word_1_7' title='bbox 1042 246 1108 305; x_wconf 76' lang='lat' dir='ltr'>sitit</span> <span class='ocrx_word' id='word_1_8' title='bbox 1128 247 1217 304; x_wconf 76' lang='lat' dir='ltr'>entis</span> <span class='ocrx_word' id='word_1_9' title='bbox 1235 246 1267 302; x_wconf 81' lang='grc' dir='ltr'>ΙΙΙ</span> <span class='ocrx_word' id='word_1_10' title='bbox 1283 248 1504 306; x_wconf 79' lang='lat' dir='ltr'>·-0Ptisctihu</span> <span class='ocrx_word' id='word_1_11' title='bbox 1521 248 1638 313; x_wconf 72' lang='lat' dir='ltr'>thille.</span> <span class='ocrx_word' id='word_1_12' title='bbox 1814 254 1868 311; x_wconf 68' lang='lat' dir='ltr'>&#39;llo</span> 
     </span>
    </p>
   </div>
   <div class='ocr_carea' id='block_1_2' title="bbox 165 359 1869 4567">
    <p class='ocr_par' dir='ltr' id='par_1_2' title="bbox 165 359 1869 4567">
     <span class='ocr_line' id='line_1_2' title="bbox 547 359 1869 433; baseline 0.002 -11"><span class='ocrx_word' id='word_1_13' title='bbox 547 365 661 423; x_wconf 80' lang='lat' dir='ltr'>CAPUT</span> <span class='ocrx_word' id='word_1_14' title='bbox 682 364 734 420; x_wconf 85' lang='lat' dir='ltr'>vii.</span> <span class='ocrx_word' id='word_1_15' title='bbox 1045 366 1110 419; x_wconf 76' lang='lat' dir='ltr'>Act</span> <span class='ocrx_word' id='word_1_16' title='bbox 1123 359 1170 415; x_wconf 76' lang='lat' dir='ltr'>ime</span> <span class='ocrx_word' id='word_1_17' title='bbox 1192 360 1355 430; x_wconf 76' lang='lat' dir='ltr'>furorisque,</span> <span class='ocrx_word' id='word_1_18' title='bbox 1370 362 1403 416; x_wconf 91' lang='lat' dir='ltr'>ad</span> <span class='ocrx_word' id='word_1_19' title='bbox 1416 363 1600 433; x_wconf 73' lang='lat' dir='ltr'>deponendam</span> <span class='ocrx_word' id='word_1_20' title='bbox 1614 371 1716 419; x_wconf 91' lang='lat' dir='ltr'>terram</span> <span class='ocrx_word' id='word_1_21' title='bbox 1730 381 1758 421; x_wconf 87' lang='grc' dir='ltr'>ιιι</span> <span class='ocrx_word' id='word_1_22' title='bbox 1772 370 1869 424; x_wconf 73' lang='lat' dir='ltr'>soltu-</span> 
     </span>
     <span class='ocr_line' id='line_1_3' title="bbox 363 448 1867 526; baseline -0.001 -9"><span class='ocrx_word' id='word_1_23' title='bbox 363 459 502 518; x_wconf 73' lang='lat' dir='ltr'>Sementiua</span> <span class='ocrx_word' id='word_1_24' title='bbox 512 457 708 526; x_wconf 79' lang='lat' dir='ltr'>scripturaram</span> <span class='ocrx_word' id='word_1_25' title='bbox 718 455 751 508; x_wconf 82' lang='lat' dir='ltr'>de</span> <span class='ocrx_word' id='word_1_26' title='bbox 761 453 914 523; x_wconf 81' lang='lat' dir='ltr'>diejndicii.</span> <span class='ocrx_word' id='word_1_27' title='bbox 1083 448 1156 512; x_wconf 85' lang='lat' dir='ltr'>diue,</span> <span class='ocrx_word' id='word_1_28' title='bbox 1167 456 1196 504; x_wconf 91' lang='lat' dir='ltr'>et</span> <span class='ocrx_word' id='word_1_29' title='bbox 1207 458 1362 518; x_wconf 70' lang='lat' dir='ltr'>peccatores</span> <span class='ocrx_word' id='word_1_30' title='bbox 1371 450 1429 520; x_wconf 74' lang='lat' dir='ltr'>eius</span> <span class='ocrx_word' id='word_1_31' title='bbox 1441 452 1621 508; x_wconf 76' lang='lat' dir='ltr'>conerendos</span> <span class='ocrx_word' id='word_1_32' title='bbox 1630 467 1665 508; x_wconf 83' lang='lat' dir='ltr'>ex</span> <span class='ocrx_word' id='word_1_33' title='bbox 1677 467 1726 520; x_wconf 92' lang='lat' dir='ltr'>ea;</span> <span class='ocrx_word' id='word_1_34' title='bbox 1740 458 1867 525; x_wconf 84' lang='lat' dir='ltr'>quoniam</span> 
     </span>
     <span class='ocr_line' id='line_1_4' title="bbox 286 537 1867 625; baseline 0.001 -22"><span class='ocrx_word' id='word_1_35' title='bbox 286 548 335 604; x_wconf 88' lang='lat' dir='ltr'>llis</span> <span class='ocrx_word' id='word_1_36' title='bbox 343 546 480 602; x_wconf 86' lang='lat' dir='ltr'>addendus</span> <span class='ocrx_word' id='word_1_37' title='bbox 492 553 534 597; x_wconf 89' lang='lat' dir='ltr'>est</span> <span class='ocrx_word' id='word_1_38' title='bbox 550 546 632 595; x_wconf 87' lang='lat' dir='ltr'>etiam</span> <span class='ocrx_word' id='word_1_39' title='bbox 644 543 759 597; x_wconf 83' lang='lat' dir='ltr'>extremi</span> <span class='ocrx_word' id='word_1_40' title='bbox 774 540 981 613; x_wconf 77' lang='lat' dir='ltr'>terrerJudicii,</span> <span class='ocrx_word' id='word_1_41' title='bbox 999 548 1043 594; x_wconf 92' lang='grc' dir='ltr'>ιιι.</span> <span class='ocrx_word' id='word_1_42' title='bbox 1082 537 1168 595; x_wconf 84' lang='lat' dir='ltr'>stellas</span> <span class='ocrx_word' id='word_1_43' title='bbox 1191 546 1221 594; x_wconf 92' lang='lat' dir='ltr'>et</span> <span class='ocrx_word' id='word_1_44' title='bbox 1246 539 1375 610; x_wconf 77' lang='lat' dir='ltr'><strong>splendor</strong></span> <span class='ocrx_word' id='word_1_45' title='bbox 1402 555 1497 596; x_wconf 90' lang='lat' dir='ltr'>earum</span> <span class='ocrx_word' id='word_1_46' title='bbox 1517 557 1571 625; x_wconf 89' lang='lat' dir='ltr'>non</span> <span class='ocrx_word' id='word_1_47' title='bbox 1597 542 1750 612; x_wconf 84' lang='lat' dir='ltr'>expandent</span> <span class='ocrx_word' id='word_1_48' title='bbox 1774 545 1867 605; x_wconf 90' lang='lat' dir='ltr'>iumen</span> 
     </span>
     <span class='ocr_line' id='line_1_5' title="bbox 251 627 1867 699; baseline -0.001 -10"><span class='ocrx_word' id='word_1_49' title='bbox 251 636 321 689; x_wconf 91' lang='lat' dir='ltr'>illius</span> <span class='ocrx_word' id='word_1_50' title='bbox 332 631 511 688; x_wconf 75' lang='lat' dir='ltr'>amaritudine</span> <span class='ocrx_word' id='word_1_51' title='bbox 526 627 614 683; x_wconf 84' lang='lat' dir='ltr'>valeat</span> <span class='ocrx_word' id='word_1_52' title='bbox 626 628 717 683; x_wconf 92' lang='lat' dir='ltr'>mundi</span> <span class='ocrx_word' id='word_1_53' title='bbox 737 628 816 699; x_wconf 82' lang='lat' dir='ltr'>hujus</span> <span class='ocrx_word' id='word_1_54' title='bbox 828 627 896 683; x_wconf 85' lang='lat' dir='ltr'>laisa</span> <span class='ocrx_word' id='word_1_55' title='bbox 916 627 1031 683; x_wconf 89' lang='lat' dir='ltr'>dulcedo</span> <span class='ocrx_word' id='word_1_56' title='bbox 1082 640 1173 690; x_wconf 86' lang='lat' dir='ltr'>suurn,</span> <span class='ocrx_word' id='word_1_57' title='bbox 1191 628 1385 683; x_wconf 91' lang='lat' dir='ltr'>obtenebratus</span> <span class='ocrx_word' id='word_1_58' title='bbox 1396 637 1439 685; x_wconf 89' lang='lat' dir='ltr'>est</span> <span class='ocrx_word' id='word_1_59' title='bbox 1452 627 1492 687; x_wconf 90' lang='lat' dir='ltr'>sol</span> <span class='ocrx_word' id='word_1_60' title='bbox 1507 628 1535 683; x_wconf 88' lang='lat' dir='ltr'>in</span> <span class='ocrx_word' id='word_1_61' title='bbox 1551 638 1613 683; x_wconf 90' lang='lat' dir='ltr'>ortu</span> <span class='ocrx_word' id='word_1_62' title='bbox 1626 642 1686 695; x_wconf 88' lang='lat' dir='ltr'>suo,</span> <span class='ocrx_word' id='word_1_63' title='bbox 1697 640 1725 687; x_wconf 92' lang='lat' dir='ltr'>et</span> <span class='ocrx_word' id='word_1_64' title='bbox 1736 631 1800 689; x_wconf 90' lang='lat' dir='ltr'>luna</span> <span class='ocrx_word' id='word_1_65' title='bbox 1812 651 1867 691; x_wconf 87' lang='lat' dir='ltr'>non</span> 
     </span>
     <span class='ocr_line' id='line_1_6' title="bbox 251 712 1866 791; baseline 0.001 -15"><span class='ocrx_word' id='word_1_66' title='bbox 251 719 396 776; x_wconf 74' lang='lat' dir='ltr'>contemni.</span> <span class='ocrx_word' id='word_1_67' title='bbox 416 716 459 771; x_wconf 70' lang='lat' dir='ltr'>nd</span> <span class='ocrx_word' id='word_1_68' title='bbox 483 716 623 771; x_wconf 86' lang='lat' dir='ltr'>evitandas</span> <span class='ocrx_word' id='word_1_69' title='bbox 643 729 759 784; x_wconf 83' lang='lat' dir='ltr'>namque</span> <span class='ocrx_word' id='word_1_70' title='bbox 778 715 917 770; x_wconf 74' lang='lat' dir='ltr'>diabolice</span> <span class='ocrx_word' id='word_1_71' title='bbox 936 728 1032 785; x_wconf 68' lang='lat' dir='ltr'>pugne</span> <span class='ocrx_word' id='word_1_72' title='bbox 1082 712 1233 782; x_wconf 71' lang='lat' dir='ltr'>splendebit</span> <span class='ocrx_word' id='word_1_73' title='bbox 1246 715 1274 771; x_wconf 90' lang='lat' dir='ltr'>in</span> <span class='ocrx_word' id='word_1_74' title='bbox 1288 714 1389 773; x_wconf 90' lang='lat' dir='ltr'>iumine</span> <span class='ocrx_word' id='word_1_75' title='bbox 1412 731 1478 781; x_wconf 71' lang='lat' dir='ltr'>eutr</span> <span class='ocrx_word' id='word_1_76' title='bbox 1493 725 1522 775; x_wconf 86' lang='lat' dir='ltr'>et</span> <span class='ocrx_word' id='word_1_77' title='bbox 1542 717 1659 774; x_wconf 88' lang='lat' dir='ltr'>visitabo</span> <span class='ocrx_word' id='word_1_78' title='bbox 1677 734 1759 791; x_wconf 84' lang='lat' dir='ltr'>super</span> <span class='ocrx_word' id='word_1_79' title='bbox 1772 723 1866 789; x_wconf 76' lang='lat' dir='ltr'>orbem</span> 
     </span>
     <span class='ocr_line' id='line_1_7' title="bbox 250 798 1865 880; baseline 0.002 -18"><span class='ocrx_word' id='word_1_80' title='bbox 250 803 701 872; x_wconf 79' lang='lat' dir='ltr'>molestiasvalenterassnrgimus,</span> <span class='ocrx_word' id='word_1_81' title='bbox 713 802 737 857; x_wconf 91' lang='lat' dir='ltr'>sl</span> <span class='ocrx_word' id='word_1_82' title='bbox 751 802 921 857; x_wconf 86' lang='lat' dir='ltr'>necessitatis</span> <span class='ocrx_word' id='word_1_83' title='bbox 930 802 1032 858; x_wconf 82' lang='lat' dir='ltr'>ultimae</span> <span class='ocrx_word' id='word_1_84' title='bbox 1083 798 1171 865; x_wconf 82' lang='lat' dir='ltr'>mala,</span> <span class='ocrx_word' id='word_1_85' title='bbox 1193 809 1223 859; x_wconf 91' lang='lat' dir='ltr'>et</span> <span class='ocrx_word' id='word_1_86' title='bbox 1245 811 1341 859; x_wconf 85' lang='lat' dir='ltr'>eontra</span> <span class='ocrx_word' id='word_1_87' title='bbox 1367 804 1463 872; x_wconf 90' lang='lat' dir='ltr'>impios</span> <span class='ocrx_word' id='word_1_88' title='bbox 1485 802 1644 873; x_wconf 80' lang='lat' dir='ltr'>iniquitates</span> <span class='ocrx_word' id='word_1_89' title='bbox 1663 820 1759 863; x_wconf 86' lang='lat' dir='ltr'>eurum</span> <span class='ocrx_word' id='word_1_90' title='bbox 1784 809 1865 880; x_wconf 78' lang='lat' dir='ltr'>(laci.</span> 
     </span>
     <span class='ocr_line' id='line_1_8' title="bbox 250 882 1866 965; baseline 0.004 -15"><span class='ocrx_word' id='word_1_91' title='bbox 250 894 396 965; x_wconf 88' lang='lat' dir='ltr'>periculum</span> <span class='ocrx_word' id='word_1_92' title='bbox 411 893 522 963; x_wconf 85' lang='lat' dir='ltr'>provide</span> <span class='ocrx_word' id='word_1_93' title='bbox 539 899 745 962; x_wconf 87' lang='lat' dir='ltr'>pertractemus.</span> <span class='ocrx_word' id='word_1_94' title='bbox 754 890 825 945; x_wconf 83' lang='lat' dir='ltr'>Narn</span> <span class='ocrx_word' id='word_1_95' title='bbox 837 891 861 945; x_wconf 90' lang='lat' dir='ltr'>si</span> <span class='ocrx_word' id='word_1_96' title='bbox 876 890 1032 960; x_wconf 86' lang='lat' dir='ltr'>repentinus</span> <span class='ocrx_word' id='word_1_97' title='bbox 1082 893 1152 960; x_wconf 81' lang='lat' dir='ltr'>xvir).</span> <span class='ocrx_word' id='word_1_98' title='bbox 1168 909 1178 944; x_wconf 82' lang='lat' dir='ltr'>r</span> <span class='ocrx_word' id='word_1_99' title='bbox 1193 890 1229 957; x_wconf 82' lang='lat' dir='ltr'>lit</span> <span class='ocrx_word' id='word_1_100' title='bbox 1239 891 1357 954; x_wconf 78' lang='lat' dir='ltr'>iteruin:</span> <span class='ocrx_word' id='word_1_101' title='bbox 1375 909 1385 944; x_wconf 87' lang='grc' dir='ltr'>ι</span> <span class='ocrx_word' id='word_1_102' title='bbox 1398 893 1479 959; x_wconf 83' lang='lat' dir='ltr'>Ecce,</span> <span class='ocrx_word' id='word_1_103' title='bbox 1490 894 1540 965; x_wconf 83' lang='lat' dir='ltr'>ait,</span> <span class='ocrx_word' id='word_1_104' title='bbox 1555 893 1660 949; x_wconf 78' lang='lat' dir='ltr'>validus</span> <span class='ocrx_word' id='word_1_105' title='bbox 1672 882 1706 951; x_wconf 62' lang='lat' dir='ltr'>et&#39;</span> <span class='ocrx_word' id='word_1_106' title='bbox 1716 894 1801 954; x_wconf 74' lang='lat' dir='ltr'>fortis</span> <span class='ocrx_word' id='word_1_107' title='bbox 1814 900 1866 956; x_wconf 87' lang='lat' dir='ltr'>llo·</span> 
     </span>
     <span class='ocr_line' id='line_1_9' title="bbox 249 979 1865 1059; baseline 0.004 -21"><span class='ocrx_word' id='word_1_108' title='bbox 249 984 294 1039; x_wconf 91' lang='lat' dir='ltr'>ille</span> <span class='ocrx_word' id='word_1_109' title='bbox 316 992 398 1052; x_wconf 86' lang='lat' dir='ltr'>atque</span> <span class='ocrx_word' id='word_1_110' title='bbox 414 982 542 1037; x_wconf 88' lang='lat' dir='ltr'>terribilis</span> <span class='ocrx_word' id='word_1_111' title='bbox 554 982 685 1035; x_wconf 87' lang='lat' dir='ltr'>adventus</span> <span class='ocrx_word' id='word_1_112' title='bbox 697 979 798 1035; x_wconf 82' lang='lat' dir='ltr'>Christi</span> <span class='ocrx_word' id='word_1_113' title='bbox 818 979 902 1051; x_wconf 72' lang='lat' dir='ltr'>digne</span> <span class='ocrx_word' id='word_1_114' title='bbox 916 992 1037 1050; x_wconf 82' lang='lat' dir='ltr'>perpen-,</span> <span class='ocrx_word' id='word_1_115' title='bbox 1083 979 1172 1037; x_wconf 91' lang='lat' dir='ltr'>minus</span> <span class='ocrx_word' id='word_1_116' title='bbox 1193 980 1265 1035; x_wconf 93' lang='lat' dir='ltr'>sicut</span> <span class='ocrx_word' id='word_1_117' title='bbox 1285 981 1401 1051; x_wconf 80' lang='lat' dir='ltr'>impetus</span> <span class='ocrx_word' id='word_1_118' title='bbox 1412 983 1562 1053; x_wconf 67' lang='lat' dir='ltr'>grandinis,</span> <span class='ocrx_word' id='word_1_119' title='bbox 1585 984 1664 1049; x_wconf 84' lang='lat' dir='ltr'>turbo</span> <span class='ocrx_word' id='word_1_120' title='bbox 1677 985 1865 1059; x_wconf 70' lang='lat' dir='ltr'>confringens,</span> 
     </span>
     <span class='ocr_line' id='line_1_10' title="bbox 248 1067 1864 1145; baseline 0.001 -14"><span class='ocrx_word' id='word_1_121' title='bbox 248 1077 333 1140; x_wconf 81' lang='lat' dir='ltr'>ditur,</span> <span class='ocrx_word' id='word_1_122' title='bbox 359 1074 424 1145; x_wconf 79' lang='lat' dir='ltr'>quid</span> <span class='ocrx_word' id='word_1_123' title='bbox 452 1075 506 1129; x_wconf 91' lang='lat' dir='ltr'>erit</span> <span class='ocrx_word' id='word_1_124' title='bbox 524 1075 550 1129; x_wconf 95' lang='lat' dir='ltr'>in</span> <span class='ocrx_word' id='word_1_125' title='bbox 570 1073 669 1128; x_wconf 81' lang='lat' dir='ltr'>mirnde</span> <span class='ocrx_word' id='word_1_126' title='bbox 689 1072 735 1127; x_wconf 88' lang='lat' dir='ltr'>ubi</span> <span class='ocrx_word' id='word_1_127' title='bbox 757 1086 835 1127; x_wconf 91' lang='lat' dir='ltr'>mens</span> <span class='ocrx_word' id='word_1_128' title='bbox 854 1074 970 1127; x_wconf 85' lang='lat' dir='ltr'>irumana</span> <span class='ocrx_word' id='word_1_129' title='bbox 990 1069 1032 1126; x_wconf 83' lang='lat' dir='ltr'>vel</span> <span class='ocrx_word' id='word_1_130' title='bbox 1082 1067 1153 1123; x_wconf 89' lang='lat' dir='ltr'>sieut</span> <span class='ocrx_word' id='word_1_131' title='bbox 1166 1067 1281 1139; x_wconf 89' lang='lat' dir='ltr'>impetus</span> <span class='ocrx_word' id='word_1_132' title='bbox 1302 1085 1433 1140; x_wconf 88' lang='lat' dir='ltr'>aquarum</span> <span class='ocrx_word' id='word_1_133' title='bbox 1455 1072 1601 1127; x_wconf 89' lang='lat' dir='ltr'>multamm</span> <span class='ocrx_word' id='word_1_134' title='bbox 1628 1074 1816 1131; x_wconf 89' lang='lat' dir='ltr'>inundantium</span> <span class='ocrx_word' id='word_1_135' title='bbox 1837 1086 1864 1134; x_wconf 91' lang='lat' dir='ltr'>et</span> 
     </span>
     <span class='ocr_line' id='line_1_11' title="bbox 248 1155 1863 1234; baseline 0.002 -16"><span class='ocrx_word' id='word_1_136' title='bbox 248 1162 385 1234; x_wconf 77' lang='lat' dir='ltr'>desipiens</span> <span class='ocrx_word' id='word_1_137' title='bbox 401 1161 566 1218; x_wconf 77' lang='lat' dir='ltr'>delectetur?</span> <span class='ocrx_word' id='word_1_138' title='bbox 584 1162 630 1217; x_wconf 92' lang='lat' dir='ltr'>llle</span> <span class='ocrx_word' id='word_1_139' title='bbox 644 1175 741 1231; x_wconf 80' lang='lat' dir='ltr'>nempe</span> <span class='ocrx_word' id='word_1_140' title='bbox 759 1161 818 1217; x_wconf 87' lang='lat' dir='ltr'>dies</span> <span class='ocrx_word' id='word_1_141' title='bbox 837 1169 881 1216; x_wconf 90' lang='lat' dir='ltr'>est</span> <span class='ocrx_word' id='word_1_142' title='bbox 903 1161 937 1217; x_wconf 91' lang='lat' dir='ltr'>ad</span> <span class='ocrx_word' id='word_1_143' title='bbox 950 1175 1032 1231; x_wconf 84' lang='lat' dir='ltr'>quern</span> <span class='ocrx_word' id='word_1_144' title='bbox 1082 1155 1242 1212; x_wconf 88' lang='lat' dir='ltr'>emissarum</span> <span class='ocrx_word' id='word_1_145' title='bbox 1253 1165 1449 1227; x_wconf 89' lang='lat' dir='ltr'>superterram</span> <span class='ocrx_word' id='word_1_146' title='bbox 1462 1159 1540 1229; x_wconf 76' lang='lat' dir='ltr'>(leci.</span> <span class='ocrx_word' id='word_1_147' title='bbox 1552 1163 1679 1234; x_wconf 67' lang='lat' dir='ltr'>xxviiii.»</span> <span class='ocrx_word' id='word_1_148' title='bbox 1696 1162 1768 1218; x_wconf 80' lang='lat' dir='ltr'>idem</span> <span class='ocrx_word' id='word_1_149' title='bbox 1779 1164 1863 1223; x_wconf 86' lang='lat' dir='ltr'>alibi:</span> 
     </span>
     <span class='ocr_line' id='line_1_12' title="bbox 248 1244 1864 1322; baseline 0.005 -20"><span class='ocrx_word' id='word_1_150' title='bbox 248 1253 336 1309; x_wconf 72' lang='lat' dir='ltr'>pinnis</span> <span class='ocrx_word' id='word_1_151' title='bbox 351 1251 559 1322; x_wconf 68' lang='lat' dir='ltr'>praecedentium</span> <span class='ocrx_word' id='word_1_152' title='bbox 574 1251 734 1306; x_wconf 67' lang='lat' dir='ltr'>mulorum</span> <span class='ocrx_word' id='word_1_153' title='bbox 754 1250 869 1306; x_wconf 83' lang='lat' dir='ltr'>intentio</span> <span class='ocrx_word' id='word_1_154' title='bbox 882 1264 916 1307; x_wconf 81' lang='lat' dir='ltr'>ae</span> <span class='ocrx_word' id='word_1_155' title='bbox 926 1264 1033 1305; x_wconf 82' lang='lat' dir='ltr'>summa</span> <span class='ocrx_word' id='word_1_156' title='bbox 1085 1262 1095 1296; x_wconf 89' lang='grc' dir='ltr'>ι</span> <span class='ocrx_word' id='word_1_157' title='bbox 1109 1244 1180 1300; x_wconf 85' lang='lat' dir='ltr'>Ecce</span> <span class='ocrx_word' id='word_1_158' title='bbox 1200 1260 1297 1301; x_wconf 85' lang='lat' dir='ltr'>nomen</span> <span class='ocrx_word' id='word_1_159' title='bbox 1315 1244 1420 1303; x_wconf 79' lang='lat' dir='ltr'>Dornini</span> <span class='ocrx_word' id='word_1_160' title='bbox 1435 1250 1508 1303; x_wconf 81' lang='lat' dir='ltr'>venii</span> <span class='ocrx_word' id='word_1_161' title='bbox 1532 1251 1566 1305; x_wconf 86' lang='lat' dir='ltr'>de</span> <span class='ocrx_word' id='word_1_162' title='bbox 1581 1251 1749 1322; x_wconf 72' lang='lat' dir='ltr'>longinquo:</span> <span class='ocrx_word' id='word_1_163' title='bbox 1765 1256 1864 1310; x_wconf 79' lang='lat' dir='ltr'>ardent</span> 
     </span>
     <span class='ocr_line' id='line_1_13' title="bbox 248 1331 1864 1416; baseline 0 -17"><span class='ocrx_word' id='word_1_164' title='bbox 248 1344 390 1416; x_wconf 72' lang='lat' dir='ltr'>colligitur,</span> <span class='ocrx_word' id='word_1_165' title='bbox 409 1344 453 1399; x_wconf 91' lang='lat' dir='ltr'>cui</span> <span class='ocrx_word' id='word_1_166' title='bbox 470 1351 568 1400; x_wconf 89' lang='lat' dir='ltr'>cuncta</span> <span class='ocrx_word' id='word_1_167' title='bbox 587 1356 726 1397; x_wconf 88' lang='lat' dir='ltr'>sacrarum</span> <span class='ocrx_word' id='word_1_168' title='bbox 741 1339 940 1411; x_wconf 80' lang='lat' dir='ltr'>seripturarum</span> <span class='ocrx_word' id='word_1_169' title='bbox 954 1338 1033 1396; x_wconf 86' lang='lat' dir='ltr'>volu·</span> <span class='ocrx_word' id='word_1_170' title='bbox 1081 1331 1157 1388; x_wconf 78' lang='lat' dir='ltr'>sutor</span> <span class='ocrx_word' id='word_1_171' title='bbox 1174 1332 1233 1403; x_wconf 80' lang='lat' dir='ltr'>ejus</span> <span class='ocrx_word' id='word_1_172' title='bbox 1250 1343 1279 1391; x_wconf 90' lang='lat' dir='ltr'>et</span> <span class='ocrx_word' id='word_1_173' title='bbox 1304 1336 1394 1406; x_wconf 79' lang='lat' dir='ltr'>gravis</span> <span class='ocrx_word' id='word_1_174' title='bbox 1411 1337 1445 1392; x_wconf 89' lang='lat' dir='ltr'>ad</span> <span class='ocrx_word' id='word_1_175' title='bbox 1461 1339 1633 1408; x_wconf 88' lang='lat' dir='ltr'>portandum,</span> <span class='ocrx_word' id='word_1_176' title='bbox 1648 1338 1719 1396; x_wconf 87' lang='lat' dir='ltr'>labia</span> <span class='ocrx_word' id='word_1_177' title='bbox 1735 1339 1794 1411; x_wconf 79' lang='lat' dir='ltr'>eius</span> <span class='ocrx_word' id='word_1_178' title='bbox 1819 1357 1864 1398; x_wconf 90' lang='lat' dir='ltr'>re-</span> 
     </span>
     <span class='ocr_line' id='line_1_14' title="bbox 248 1420 1863 1505; baseline 0.006 -15"><span class='ocrx_word' id='word_1_179' title='bbox 248 1434 321 1490; x_wconf 92' lang='lat' dir='ltr'>miua</span> <span class='ocrx_word' id='word_1_180' title='bbox 340 1433 513 1500; x_wconf 79' lang='lat' dir='ltr'>famulantur,</span> <span class='ocrx_word' id='word_1_181' title='bbox 527 1432 560 1489; x_wconf 92' lang='lat' dir='ltr'>de</span> <span class='ocrx_word' id='word_1_182' title='bbox 573 1448 626 1505; x_wconf 71' lang='lat' dir='ltr'>auo</span> <span class='ocrx_word' id='word_1_183' title='bbox 639 1433 735 1505; x_wconf 84' lang='lat' dir='ltr'>heatus</span> <span class='ocrx_word' id='word_1_184' title='bbox 747 1432 854 1497; x_wconf 81' lang='lat' dir='ltr'>Petrus,</span> <span class='ocrx_word' id='word_1_185' title='bbox 873 1440 904 1487; x_wconf 91' lang='lat' dir='ltr'>ut</span> <span class='ocrx_word' id='word_1_186' title='bbox 919 1430 1033 1485; x_wconf 88' lang='lat' dir='ltr'>audien·</span> <span class='ocrx_word' id='word_1_187' title='bbox 1081 1420 1153 1491; x_wconf 64' lang='lat' dir='ltr'>illelt</span> <span class='ocrx_word' id='word_1_188' title='bbox 1171 1431 1236 1478; x_wconf 68' lang='lat' dir='ltr'>⁸¹¹¹st</span> <span class='ocrx_word' id='word_1_189' title='bbox 1256 1422 1449 1495; x_wconf 63' lang='lat' dir='ltr'>indlhssififfliih</span> <span class='ocrx_word' id='word_1_190' title='bbox 1462 1436 1489 1481; x_wconf 75' lang='lat'>0²</span> <span class='ocrx_word' id='word_1_191' title='bbox 1508 1427 1598 1497; x_wconf 68' lang='lat' dir='ltr'>¹5¹¹il¹¹²</span> <span class='ocrx_word' id='word_1_192' title='bbox 1612 1428 1671 1497; x_wconf 66' lang='lat'>²1⁰⁸</span> <span class='ocrx_word' id='word_1_193' title='bbox 1693 1432 1770 1500; x_wconf 87' lang='lat' dir='ltr'>quasi</span> <span class='ocrx_word' id='word_1_194' title='bbox 1795 1432 1863 1503; x_wconf 64' lang='lat' dir='ltr'>58¹¹ss</span> 
     </span>
     <span class='ocr_line' id='line_1_15' title="bbox 249 1508 1862 1595; baseline 0.003 -26"><span class='ocrx_word' id='word_1_195' title='bbox 249 1523 315 1578; x_wconf 67' lang='lat' dir='ltr'>lirim</span> <span class='ocrx_word' id='word_1_196' title='bbox 327 1523 411 1579; x_wconf 66' lang='lat' dir='ltr'>corda</span> <span class='ocrx_word' id='word_1_197' title='bbox 430 1524 511 1595; x_wconf 69' lang='lat' dir='ltr'>digno</span> <span class='ocrx_word' id='word_1_198' title='bbox 531 1532 635 1578; x_wconf 69' lang='lat' dir='ltr'>terrore</span> <span class='ocrx_word' id='word_1_199' title='bbox 653 1528 833 1578; x_wconf 72' lang='lat' dir='ltr'>concuteret:</span> <span class='ocrx_word' id='word_1_200' title='bbox 851 1538 862 1573; x_wconf 76' lang='lat' dir='ltr'>r</span> <span class='ocrx_word' id='word_1_201' title='bbox 884 1519 1031 1585; x_wconf 69' lang='lat' dir='ltr'>Adveniet,</span> <span class='ocrx_word' id='word_1_202' title='bbox 1082 1508 1223 1573; x_wconf 65' lang='lat' dir='ltr'>detoldus.</span> <span class='ocrx_word' id='word_1_203' title='bbox 1237 1518 1265 1566; x_wconf 79' lang='lat' dir='ltr'>el</span> <span class='ocrx_word' id='word_1_204' title='bbox 1276 1511 1388 1582; x_wconf 88' lang='lat' dir='ltr'>spiritus</span> <span class='ocrx_word' id='word_1_205' title='bbox 1398 1513 1457 1583; x_wconf 72' lang='lat' dir='ltr'>ejus</span> <span class='ocrx_word' id='word_1_206' title='bbox 1471 1514 1544 1569; x_wconf 76' lang='lat' dir='ltr'>vellii</span> <span class='ocrx_word' id='word_1_207' title='bbox 1561 1524 1667 1592; x_wconf 68' lang='lat' dir='ltr'>horiens</span> <span class='ocrx_word' id='word_1_208' title='bbox 1680 1517 1813 1573; x_wconf 76' lang='lat' dir='ltr'>inundans</span> <span class='ocrx_word' id='word_1_209' title='bbox 1828 1522 1862 1575; x_wconf 62' lang='lat' dir='ltr'>&amp;tl</span> 
     </span>
     <span class='ocr_line' id='line_1_16' title="bbox 249 1598 1864 1682; baseline 0 -16"><span class='ocrx_word' id='word_1_210' title='bbox 249 1612 348 1682; x_wconf 85' lang='lat' dir='ltr'>inquit,</span> <span class='ocrx_word' id='word_1_211' title='bbox 364 1611 422 1667; x_wconf 90' lang='lat' dir='ltr'>dies</span> <span class='ocrx_word' id='word_1_212' title='bbox 439 1610 546 1665; x_wconf 83' lang='lat' dir='ltr'>Domini</span> <span class='ocrx_word' id='word_1_213' title='bbox 565 1610 636 1665; x_wconf 90' lang='lat' dir='ltr'>sicut</span> <span class='ocrx_word' id='word_1_214' title='bbox 656 1610 712 1675; x_wconf 79' lang='lat' dir='ltr'>inv,</span> <span class='ocrx_word' id='word_1_215' title='bbox 730 1609 758 1664; x_wconf 92' lang='lat' dir='ltr'>in</span> <span class='ocrx_word' id='word_1_216' title='bbox 776 1624 830 1679; x_wconf 84' lang='lat' dir='ltr'>qrto</span> <span class='ocrx_word' id='word_1_217' title='bbox 848 1607 911 1663; x_wconf 82' lang='lat' dir='ltr'>oeli</span> <span class='ocrx_word' id='word_1_218' title='bbox 933 1620 1032 1678; x_wconf 61' lang='lat' dir='ltr'>menno</span> <span class='ocrx_word' id='word_1_219' title='bbox 1083 1598 1234 1669; x_wconf 58' lang='lat' dir='ltr'>perdendas</span> <span class='ocrx_word' id='word_1_220' title='bbox 1251 1609 1345 1671; x_wconf 69' lang='lat' dir='ltr'>gettwe</span> <span class='ocrx_word' id='word_1_221' title='bbox 1363 1600 1392 1657; x_wconf 86' lang='lat' dir='ltr'>in</span> <span class='ocrx_word' id='word_1_222' title='bbox 1406 1603 1520 1659; x_wconf 89' lang='lat' dir='ltr'>nihilum</span> <span class='ocrx_word' id='word_1_223' title='bbox 1535 1603 1613 1677; x_wconf 77' lang='lat' dir='ltr'>(lroi.</span> <span class='ocrx_word' id='word_1_224' title='bbox 1627 1607 1723 1678; x_wconf 75' lang='lat' dir='ltr'>saul.»</span> <span class='ocrx_word' id='word_1_225' title='bbox 1741 1607 1791 1676; x_wconf 80' lang='lat' dir='ltr'>Qui</span> <span class='ocrx_word' id='word_1_226' title='bbox 1805 1624 1864 1666; x_wconf 88' lang='lat' dir='ltr'>rur·</span> 
     </span>
     <span class='ocr_line' id='line_1_17' title="bbox 248 1681 1865 1769; baseline 0.002 -14"><span class='ocrx_word' id='word_1_227' title='bbox 248 1700 350 1769; x_wconf 89' lang='lat' dir='ltr'>impetu</span> <span class='ocrx_word' id='word_1_228' title='bbox 374 1697 517 1763; x_wconf 87' lang='lat' dir='ltr'>transient,</span> <span class='ocrx_word' id='word_1_229' title='bbox 539 1696 671 1769; x_wconf 86' lang='lat' dir='ltr'>elementa</span> <span class='ocrx_word' id='word_1_230' title='bbox 694 1710 759 1752; x_wconf 86' lang='lat' dir='ltr'>vero</span> <span class='ocrx_word' id='word_1_231' title='bbox 779 1696 870 1769; x_wconf 78' lang='lat' dir='ltr'>calore</span> <span class='ocrx_word' id='word_1_232' title='bbox 891 1693 1031 1754; x_wconf 77' lang='lat' dir='ltr'>solventur</span> <span class='ocrx_word' id='word_1_233' title='bbox 1043 1681 1068 1741; x_wconf 76' lang='grc' dir='ltr'>Β</span> <span class='ocrx_word' id='word_1_234' title='bbox 1081 1701 1128 1742; x_wconf 83' lang='lat' dir='ltr'>sus</span> <span class='ocrx_word' id='word_1_235' title='bbox 1142 1687 1199 1744; x_wconf 81' lang='lat' dir='ltr'>ait:</span> <span class='ocrx_word' id='word_1_236' title='bbox 1216 1690 1349 1762; x_wconf 72' lang='lat' dir='ltr'>«britone</span> <span class='ocrx_word' id='word_1_237' title='bbox 1362 1695 1651 1763; x_wconf 89' lang='lat' dir='ltr'>repenteoonieslima</span> <span class='ocrx_word' id='word_1_238' title='bbox 1666 1682 1865 1758; x_wconf 74' lang='lat' dir='ltr'>Douninoexer·</span> 
     </span>
     <span class='ocr_line' id='line_1_18' title="bbox 248 1778 1861 1860; baseline 0.009 -27"><span class='ocrx_word' id='word_1_239' title='bbox 248 1789 274 1860; x_wconf 76' lang='grc' dir='ltr'>(ι</span> <span class='ocrx_word' id='word_1_240' title='bbox 278 1789 290 1843; x_wconf 86' lang='lat'><em>1</em></span> <span class='ocrx_word' id='word_1_241' title='bbox 305 1789 378 1844; x_wconf 65' lang='lat' dir='ltr'>perr,</span> <span class='ocrx_word' id='word_1_242' title='bbox 393 1791 446 1859; x_wconf 90' lang='lat' dir='ltr'>m).</span> <span class='ocrx_word' id='word_1_243' title='bbox 463 1807 473 1840; x_wconf 84' lang='lat'>‚</span> <span class='ocrx_word' id='word_1_244' title='bbox 490 1786 567 1843; x_wconf 71' lang='lat' dir='ltr'>unde</span> <span class='ocrx_word' id='word_1_245' title='bbox 580 1796 609 1843; x_wconf 73' lang='lat' dir='ltr'>er</span> <span class='ocrx_word' id='word_1_246' title='bbox 622 1801 685 1843; x_wconf 71' lang='lat' dir='ltr'>mox</span> <span class='ocrx_word' id='word_1_247' title='bbox 698 1785 837 1842; x_wconf 76' lang='lat' dir='ltr'>subdidit:</span> <span class='ocrx_word' id='word_1_248' title='bbox 861 1804 871 1840; x_wconf 71' lang='lat' dir='ltr'>r</span> <span class='ocrx_word' id='word_1_249' title='bbox 892 1785 960 1842; x_wconf 81' lang='lat' dir='ltr'>enm</span> <span class='ocrx_word' id='word_1_250' title='bbox 974 1784 1031 1841; x_wconf 76' lang='lat' dir='ltr'>baee</span> <span class='ocrx_word' id='word_1_251' title='bbox 1082 1778 1196 1844; x_wconf 88' lang='lat' dir='ltr'>cituum,</span> <span class='ocrx_word' id='word_1_252' title='bbox 1206 1780 1360 1837; x_wconf 72' lang='lat' dir='ltr'>visitabitur</span> <span class='ocrx_word' id='word_1_253' title='bbox 1370 1780 1398 1837; x_wconf 90' lang='lat' dir='ltr'>in</span> <span class='ocrx_word' id='word_1_254' title='bbox 1410 1784 1527 1839; x_wconf 90' lang='lat' dir='ltr'>tenitmo</span> <span class='ocrx_word' id='word_1_255' title='bbox 1541 1796 1573 1859; x_wconf 15' lang='lat' dir='ltr'>et*</span> <span class='ocrx_word' id='word_1_256' title='bbox 1586 1788 1765 1846; x_wconf 86' lang='lat' dir='ltr'>commotione</span> <span class='ocrx_word' id='word_1_257' title='bbox 1774 1799 1861 1857; x_wconf 73' lang='lat' dir='ltr'>torre,</span> 
     </span>
     <span class='ocr_line' id='line_1_19' title="bbox 248 1872 1861 1950; baseline 0.002 -16"><span class='ocrx_word' id='word_1_258' title='bbox 248 1878 339 1934; x_wconf 89' lang='lat' dir='ltr'>omnia</span> <span class='ocrx_word' id='word_1_259' title='bbox 361 1878 442 1950; x_wconf 68' lang='lat' dir='ltr'>igitur</span> <span class='ocrx_word' id='word_1_260' title='bbox 455 1876 629 1932; x_wconf 84' lang='lat' dir='ltr'>tlissolvenda</span> <span class='ocrx_word' id='word_1_261' title='bbox 651 1874 717 1940; x_wconf 88' lang='lat' dir='ltr'>sint,</span> <span class='ocrx_word' id='word_1_262' title='bbox 737 1874 831 1945; x_wconf 81' lang='lat' dir='ltr'>quales</span> <span class='ocrx_word' id='word_1_263' title='bbox 848 1883 955 1946; x_wconf 87' lang='lat' dir='ltr'>oportet</span> <span class='ocrx_word' id='word_1_264' title='bbox 970 1888 1032 1930; x_wconf 88' lang='lat' dir='ltr'>esse</span> <span class='ocrx_word' id='word_1_265' title='bbox 1082 1877 1190 1924; x_wconf 68' lang='grc' dir='ltr'>81ιοοθ</span> <span class='ocrx_word' id='word_1_266' title='bbox 1204 1884 1302 1939; x_wconf 62' lang='lat' dir='ltr'>manna</span> <span class='ocrx_word' id='word_1_267' title='bbox 1327 1872 1443 1929; x_wconf 63' lang='lat' dir='ltr'>imbibit</span> <span class='ocrx_word' id='word_1_268' title='bbox 1462 1883 1490 1930; x_wconf 79' lang='lat' dir='ltr'>ei</span> <span class='ocrx_word' id='word_1_269' title='bbox 1512 1878 1690 1945; x_wconf 71' lang='lat' dir='ltr'>tempestatis.</span> <span class='ocrx_word' id='word_1_270' title='bbox 1703 1889 1729 1937; x_wconf 80' lang='lat' dir='ltr'>et</span> <span class='ocrx_word' id='word_1_271' title='bbox 1753 1878 1861 1937; x_wconf 84' lang='lat' dir='ltr'>hamma</span> 
     </span>
     <span class='ocr_line' id='line_1_20' title="bbox 250 1957 1862 2042; baseline 0.004 -23"><span class='ocrx_word' id='word_1_272' title='bbox 250 1980 308 2031; x_wconf 86' lang='lat' dir='ltr'>sos,</span> <span class='ocrx_word' id='word_1_273' title='bbox 321 1966 348 2023; x_wconf 89' lang='lat' dir='ltr'>iu</span> <span class='ocrx_word' id='word_1_274' title='bbox 360 1965 463 2022; x_wconf 85' lang='lat' dir='ltr'>sanetis</span> <span class='ocrx_word' id='word_1_275' title='bbox 475 1963 725 2021; x_wconf 84' lang='lat' dir='ltr'>conversationibus</span> <span class='ocrx_word' id='word_1_276' title='bbox 736 1972 764 2019; x_wconf 89' lang='lat' dir='ltr'>et</span> <span class='ocrx_word' id='word_1_277' title='bbox 775 1961 921 2034; x_wconf 89' lang='lat' dir='ltr'>pietatibus</span> <span class='ocrx_word' id='word_1_278' title='bbox 930 1976 1032 2031; x_wconf 55' lang='lat' dir='ltr'>,crepe</span> <span class='ocrx_word' id='word_1_279' title='bbox 1082 1957 1153 2027; x_wconf 71' lang='lat' dir='ltr'>iguis</span> <span class='ocrx_word' id='word_1_280' title='bbox 1166 1958 1321 2017; x_wconf 86' lang='lat' dir='ltr'>devorantis</span> <span class='ocrx_word' id='word_1_281' title='bbox 1336 1960 1413 2033; x_wconf 81' lang='lat' dir='ltr'>(lvci.</span> <span class='ocrx_word' id='word_1_282' title='bbox 1424 1963 1530 2035; x_wconf 76' lang='lat' dir='ltr'>usual.»</span> <span class='ocrx_word' id='word_1_283' title='bbox 1546 1963 1585 2021; x_wconf 83' lang='lat' dir='ltr'>nc</span> <span class='ocrx_word' id='word_1_284' title='bbox 1597 1981 1650 2035; x_wconf 89' lang='lat' dir='ltr'>quo</span> <span class='ocrx_word' id='word_1_285' title='bbox 1663 1967 1789 2025; x_wconf 88' lang='lat' dir='ltr'>videlicet</span> <span class='ocrx_word' id='word_1_286' title='bbox 1801 1970 1862 2042; x_wconf 74' lang='lat' dir='ltr'>igne</span> 
     </span>
     <span class='ocr_line' id='line_1_21' title="bbox 248 2043 1860 2126; baseline 0.004 -15"><span class='ocrx_word' id='word_1_287' title='bbox 248 2066 363 2122; x_wconf 72' lang='lat' dir='ltr'>centes,</span> <span class='ocrx_word' id='word_1_288' title='bbox 377 2066 405 2112; x_wconf 93' lang='lat' dir='ltr'>et</span> <span class='ocrx_word' id='word_1_289' title='bbox 424 2063 600 2126; x_wconf 84' lang='lat' dir='ltr'>properantes</span> <span class='ocrx_word' id='word_1_290' title='bbox 623 2053 650 2109; x_wconf 93' lang='lat' dir='ltr'>in</span> <span class='ocrx_word' id='word_1_291' title='bbox 672 2052 816 2107; x_wconf 87' lang='lat' dir='ltr'>adventum</span> <span class='ocrx_word' id='word_1_292' title='bbox 837 2050 891 2106; x_wconf 91' lang='lat' dir='ltr'>diei</span> <span class='ocrx_word' id='word_1_293' title='bbox 913 2050 1028 2115; x_wconf 80' lang='lat' dir='ltr'>bomini,</span> <span class='ocrx_word' id='word_1_294' title='bbox 1081 2043 1177 2102; x_wconf 80' lang='lat' dir='ltr'>l&#39;etrus</span> <span class='ocrx_word' id='word_1_295' title='bbox 1190 2047 1247 2104; x_wconf 85' lang='lat' dir='ltr'>ait;</span> <span class='ocrx_word' id='word_1_296' title='bbox 1262 2044 1350 2107; x_wconf 76' lang='lat' dir='ltr'>«cneii</span> <span class='ocrx_word' id='word_1_297' title='bbox 1362 2055 1712 2125; x_wconf 81' lang='lat' dir='ltr'>auremquinuncsunt‚et</span> <span class='ocrx_word' id='word_1_298' title='bbox 1724 2067 1860 2125; x_wconf 72' lang='lat' dir='ltr'>terraco-</span> 
     </span>
     <span class='ocr_line' id='line_1_22' title="bbox 165 2134 1862 2220; baseline 0.002 -17"><span class='ocrx_word' id='word_1_299' title='bbox 165 2190 170 2197; x_wconf 88' lang='lat'>.</span> <span class='ocrx_word' id='word_1_300' title='bbox 248 2161 297 2217; x_wconf 89' lang='lat' dir='ltr'>per</span> <span class='ocrx_word' id='word_1_301' title='bbox 318 2161 398 2219; x_wconf 79' lang='lat' dir='ltr'>quem</span> <span class='ocrx_word' id='word_1_302' title='bbox 417 2146 478 2202; x_wconf 84' lang='lat' dir='ltr'>coeli</span> <span class='ocrx_word' id='word_1_303' title='bbox 493 2148 620 2202; x_wconf 85' lang='lat' dir='ltr'>ardentes</span> <span class='ocrx_word' id='word_1_304' title='bbox 640 2142 789 2206; x_wconf 81' lang='lat' dir='ltr'>solventur.</span> <span class='ocrx_word' id='word_1_305' title='bbox 807 2140 941 2197; x_wconf 89' lang='lat' dir='ltr'>elementa</span> <span class='ocrx_word' id='word_1_306' title='bbox 963 2153 1031 2196; x_wconf 82' lang='lat' dir='ltr'>sero</span> <span class='ocrx_word' id='word_1_307' title='bbox 1080 2134 1141 2190; x_wconf 88' lang='lat' dir='ltr'>dem</span> <span class='ocrx_word' id='word_1_308' title='bbox 1156 2139 1239 2192; x_wconf 88' lang='lat' dir='ltr'>verbo</span> <span class='ocrx_word' id='word_1_309' title='bbox 1253 2139 1365 2215; x_wconf 87' lang='lat' dir='ltr'>repositi</span> <span class='ocrx_word' id='word_1_310' title='bbox 1386 2150 1460 2209; x_wconf 80' lang='lat' dir='ltr'>aurit,</span> <span class='ocrx_word' id='word_1_311' title='bbox 1475 2142 1530 2214; x_wconf 73' lang='lat' dir='ltr'>igni</span> <span class='ocrx_word' id='word_1_312' title='bbox 1544 2148 1674 2202; x_wconf 88' lang='lat' dir='ltr'>reservati</span> <span class='ocrx_word' id='word_1_313' title='bbox 1686 2149 1713 2203; x_wconf 91' lang='lat' dir='ltr'>in</span> <span class='ocrx_word' id='word_1_314' title='bbox 1728 2149 1772 2205; x_wconf 91' lang='lat' dir='ltr'>die</span> <span class='ocrx_word' id='word_1_315' title='bbox 1790 2148 1862 2220; x_wconf 71' lang='lat' dir='ltr'>julli·</span> 
     </span>
     <span class='ocr_line' id='line_1_23' title="bbox 248 2222 1858 2310; baseline 0.006 -28"><span class='ocrx_word' id='word_1_316' title='bbox 248 2238 320 2308; x_wconf 66' lang='lat' dir='ltr'>ignis</span> <span class='ocrx_word' id='word_1_317' title='bbox 331 2236 428 2293; x_wconf 68' lang='lat' dir='ltr'>ardore</span> <span class='ocrx_word' id='word_1_318' title='bbox 445 2235 599 2292; x_wconf 63' lang='lat' dir='ltr'>tabescenti</span> <span class='ocrx_word' id='word_1_319' title='bbox 620 2232 742 2305; x_wconf 56' lang='lat' dir='ltr'>‚pipini</span> <span class='ocrx_word' id='word_1_320' title='bbox 766 2233 803 2288; x_wconf 78' lang='lat' dir='ltr'>ne</span> <span class='ocrx_word' id='word_1_321' title='bbox 822 2246 876 2302; x_wconf 81' lang='lat' dir='ltr'>qno</span> <span class='ocrx_word' id='word_1_322' title='bbox 897 2241 925 2289; x_wconf 70' lang='lat' dir='ltr'>er</span> <span class='ocrx_word' id='word_1_323' title='bbox 942 2230 1028 2287; x_wconf 73' lang='lat' dir='ltr'>ludas</span> <span class='ocrx_word' id='word_1_324' title='bbox 1079 2222 1115 2277; x_wconf 88' lang='lat' dir='ltr'>eii</span> <span class='ocrx_word' id='word_1_325' title='bbox 1127 2232 1155 2279; x_wconf 91' lang='lat' dir='ltr'>et</span> <span class='ocrx_word' id='word_1_326' title='bbox 1176 2226 1335 2299; x_wconf 83' lang='lat' dir='ltr'>perditionis</span> <span class='ocrx_word' id='word_1_327' title='bbox 1346 2230 1489 2302; x_wconf 90' lang='lat' dir='ltr'>impiorum</span> <span class='ocrx_word' id='word_1_328' title='bbox 1503 2234 1641 2291; x_wconf 90' lang='lat' dir='ltr'>hominum</span> <span class='ocrx_word' id='word_1_329' title='bbox 1652 2235 1694 2309; x_wconf 88' lang='lat' dir='ltr'>(ll</span> <span class='ocrx_word' id='word_1_330' title='bbox 1706 2236 1858 2310; x_wconf 66' lang='lat' dir='ltr'>Peranthi</span> 
     </span>
     <span class='ocr_line' id='line_1_24' title="bbox 247 2313 1860 2396; baseline 0.002 -15"><span class='ocrx_word' id='word_1_331' title='bbox 247 2326 314 2381; x_wconf 90' lang='lat' dir='ltr'>dicit</span> <span class='ocrx_word' id='word_1_332' title='bbox 328 2325 464 2396; x_wconf 87' lang='lat' dir='ltr'>apostolus</span> <span class='ocrx_word' id='word_1_333' title='bbox 484 2342 492 2378; x_wconf 74' lang='grc' dir='ltr'>ι</span> <span class='ocrx_word' id='word_1_334' title='bbox 515 2342 525 2377; x_wconf 85' lang='grc' dir='ltr'>ι</span> <span class='ocrx_word' id='word_1_335' title='bbox 549 2325 619 2380; x_wconf 85' lang='lat' dir='ltr'>Ecce</span> <span class='ocrx_word' id='word_1_336' title='bbox 631 2323 722 2379; x_wconf 89' lang='lat' dir='ltr'>veniet</span> <span class='ocrx_word' id='word_1_337' title='bbox 737 2321 867 2384; x_wconf 78' lang='lat' dir='ltr'>horninur</span> <span class='ocrx_word' id='word_1_338' title='bbox 884 2320 912 2376; x_wconf 93' lang='lat' dir='ltr'>iu</span> <span class='ocrx_word' id='word_1_339' title='bbox 926 2320 1030 2376; x_wconf 87' lang='lat' dir='ltr'>sanctis</span> <span class='ocrx_word' id='word_1_340' title='bbox 1080 2313 1118 2367; x_wconf 83' lang='lat' dir='ltr'>bc</span> <span class='ocrx_word' id='word_1_341' title='bbox 1130 2314 1182 2372; x_wconf 91' lang='lat' dir='ltr'>hoc</span> <span class='ocrx_word' id='word_1_342' title='bbox 1191 2325 1219 2373; x_wconf 92' lang='lat' dir='ltr'>et</span> <span class='ocrx_word' id='word_1_343' title='bbox 1231 2321 1360 2389; x_wconf 87' lang='lat' dir='ltr'>propheta</span> <span class='ocrx_word' id='word_1_344' title='bbox 1374 2321 1458 2377; x_wconf 87' lang='lat' dir='ltr'>dicit:</span> <span class='ocrx_word' id='word_1_345' title='bbox 1472 2341 1482 2375; x_wconf 89' lang='grc' dir='ltr'>ι</span> <span class='ocrx_word' id='word_1_346' title='bbox 1496 2323 1622 2380; x_wconf 72' lang='lat' dir='ltr'>auditam</span> <span class='ocrx_word' id='word_1_347' title='bbox 1636 2325 1716 2383; x_wconf 81' lang='lat' dir='ltr'>saciet</span> <span class='ocrx_word' id='word_1_348' title='bbox 1731 2327 1860 2388; x_wconf 83' lang='lat' dir='ltr'>Dominus</span> 
     </span>
     <span class='ocr_line' id='line_1_25' title="bbox 247 2403 1860 2483; baseline 0.006 -16"><span class='ocrx_word' id='word_1_349' title='bbox 247 2413 366 2469; x_wconf 86' lang='lat' dir='ltr'>millibus</span> <span class='ocrx_word' id='word_1_350' title='bbox 377 2413 434 2468; x_wconf 90' lang='lat' dir='ltr'>suis</span> <span class='ocrx_word' id='word_1_351' title='bbox 453 2410 542 2469; x_wconf 84' lang='lat' dir='ltr'>lacere</span> <span class='ocrx_word' id='word_1_352' title='bbox 553 2410 685 2483; x_wconf 82' lang='lat' dir='ltr'>judicium</span> <span class='ocrx_word' id='word_1_353' title='bbox 699 2418 794 2465; x_wconf 90' lang='lat' dir='ltr'>contra</span> <span class='ocrx_word' id='word_1_354' title='bbox 811 2423 916 2474; x_wconf 84' lang='lat' dir='ltr'>omnes,</span> <span class='ocrx_word' id='word_1_355' title='bbox 934 2407 1030 2463; x_wconf 88' lang='lat' dir='ltr'>redar-</span> <span class='ocrx_word' id='word_1_356' title='bbox 1078 2403 1191 2476; x_wconf 70' lang='lat' dir='ltr'>gloriam</span> <span class='ocrx_word' id='word_1_357' title='bbox 1205 2410 1280 2465; x_wconf 87' lang='lat' dir='ltr'>vocis</span> <span class='ocrx_word' id='word_1_358' title='bbox 1294 2426 1359 2479; x_wconf 74' lang='lat' dir='ltr'>sue,</span> <span class='ocrx_word' id='word_1_359' title='bbox 1373 2422 1401 2469; x_wconf 92' lang='lat' dir='ltr'>et</span> <span class='ocrx_word' id='word_1_360' title='bbox 1416 2423 1544 2471; x_wconf 87' lang='lat' dir='ltr'>terrorem</span> <span class='ocrx_word' id='word_1_361' title='bbox 1556 2416 1661 2475; x_wconf 89' lang='lat' dir='ltr'>brachii</span> <span class='ocrx_word' id='word_1_362' title='bbox 1674 2420 1715 2474; x_wconf 89' lang='lat' dir='ltr'>sui</span> <span class='ocrx_word' id='word_1_363' title='bbox 1737 2424 1860 2479; x_wconf 87' lang='lat' dir='ltr'>osteudet</span> 
     </span>
     <span class='ocr_line' id='line_1_26' title="bbox 247 2495 1860 2577; baseline 0.008 -24"><span class='ocrx_word' id='word_1_364' title='bbox 247 2515 329 2572; x_wconf 71' lang='lat' dir='ltr'>gruere</span> <span class='ocrx_word' id='word_1_365' title='bbox 338 2515 435 2559; x_wconf 88' lang='lat' dir='ltr'>omues</span> <span class='ocrx_word' id='word_1_366' title='bbox 447 2500 544 2570; x_wconf 86' lang='lat' dir='ltr'>impios</span> <span class='ocrx_word' id='word_1_367' title='bbox 555 2499 589 2556; x_wconf 93' lang='lat' dir='ltr'>de</span> <span class='ocrx_word' id='word_1_368' title='bbox 602 2499 727 2556; x_wconf 87' lang='lat' dir='ltr'>erunibus</span> <span class='ocrx_word' id='word_1_369' title='bbox 741 2496 868 2568; x_wconf 88' lang='lat' dir='ltr'>operibus</span> <span class='ocrx_word' id='word_1_370' title='bbox 881 2496 1030 2567; x_wconf 85' lang='lat' dir='ltr'>impietatis</span> <span class='ocrx_word' id='word_1_371' title='bbox 1078 2495 1106 2553; x_wconf 92' lang='lat' dir='ltr'>in</span> <span class='ocrx_word' id='word_1_372' title='bbox 1119 2498 1326 2556; x_wconf 71' lang='lat' dir='ltr'>colliminationc</span> <span class='ocrx_word' id='word_1_373' title='bbox 1345 2501 1444 2571; x_wconf 83' lang='lat' dir='ltr'>irrroris</span> <span class='ocrx_word' id='word_1_374' title='bbox 1460 2514 1487 2559; x_wconf 87' lang='lat' dir='ltr'>ct</span> <span class='ocrx_word' id='word_1_375' title='bbox 1499 2503 1614 2561; x_wconf 75' lang='lat' dir='ltr'>hamore</span> <span class='ocrx_word' id='word_1_376' title='bbox 1626 2507 1698 2577; x_wconf 75' lang='lat' dir='ltr'>ignis</span> <span class='ocrx_word' id='word_1_377' title='bbox 1707 2510 1860 2567; x_wconf 88' lang='lat' dir='ltr'>devorantis</span> 
     </span>
     <span class='ocr_line' id='line_1_27' title="bbox 246 2584 1859 2670; baseline 0.004 -22"><span class='ocrx_word' id='word_1_378' title='bbox 246 2592 458 2663; x_wconf 74' lang='lat' dir='ltr'>commonibus</span> <span class='ocrx_word' id='word_1_379' title='bbox 471 2592 551 2662; x_wconf 88' lang='lat' dir='ltr'>impie</span> <span class='ocrx_word' id='word_1_380' title='bbox 569 2599 693 2660; x_wconf 73' lang='lat' dir='ltr'>egerunt,</span> <span class='ocrx_word' id='word_1_381' title='bbox 715 2587 927 2645; x_wconf 89' lang='lat' dir='ltr'>etdeomuibus</span> <span class='ocrx_word' id='word_1_382' title='bbox 953 2588 1030 2645; x_wconf 83' lang='lat' dir='ltr'>druis</span> <span class='ocrx_word' id='word_1_383' title='bbox 1079 2584 1268 2655; x_wconf 65' lang='lat' dir='ltr'>(lemania</span> <span class='ocrx_word' id='word_1_384' title='bbox 1290 2589 1327 2646; x_wconf 85' lang='lat' dir='ltr'>lle</span> <span class='ocrx_word' id='word_1_385' title='bbox 1351 2592 1403 2646; x_wconf 90' lang='lat' dir='ltr'>hac</span> <span class='ocrx_word' id='word_1_386' title='bbox 1417 2594 1498 2648; x_wconf 91' lang='lat' dir='ltr'>etiam</span> <span class='ocrx_word' id='word_1_387' title='bbox 1520 2594 1623 2651; x_wconf 89' lang='lat' dir='ltr'>ultione</span> <span class='ocrx_word' id='word_1_388' title='bbox 1648 2598 1786 2654; x_wconf 88' lang='lat' dir='ltr'>tremenda</span> <span class='ocrx_word' id='word_1_389' title='bbox 1809 2614 1859 2670; x_wconf 85' lang='lat' dir='ltr'>per</span> 
     </span>
     <span class='ocr_line' id='line_1_28' title="bbox 247 2673 1860 2753; baseline 0.007 -19"><span class='ocrx_word' id='word_1_390' title='bbox 247 2697 307 2751; x_wconf 78' lang='lat' dir='ltr'>qrrae</span> <span class='ocrx_word' id='word_1_391' title='bbox 319 2680 401 2753; x_wconf 86' lang='lat' dir='ltr'>locuti</span> <span class='ocrx_word' id='word_1_392' title='bbox 419 2689 483 2736; x_wconf 89' lang='lat' dir='ltr'>sunt</span> <span class='ocrx_word' id='word_1_393' title='bbox 495 2689 590 2736; x_wconf 83' lang='lat' dir='ltr'>corrtra</span> <span class='ocrx_word' id='word_1_394' title='bbox 606 2694 668 2735; x_wconf 88' lang='lat' dir='ltr'>cum</span> <span class='ocrx_word' id='word_1_395' title='bbox 688 2687 844 2749; x_wconf 87' lang='lat' dir='ltr'>peccatores</span> <span class='ocrx_word' id='word_1_396' title='bbox 862 2677 936 2747; x_wconf 88' lang='lat' dir='ltr'>impii</span> <span class='ocrx_word' id='word_1_397' title='bbox 950 2676 1026 2747; x_wconf 73' lang='lat' dir='ltr'>(ind.</span> <span class='ocrx_word' id='word_1_398' title='bbox 1077 2673 1187 2746; x_wconf 79' lang='lat' dir='ltr'>lloysen</span> <span class='ocrx_word' id='word_1_399' title='bbox 1201 2677 1330 2735; x_wconf 80' lang='lat' dir='ltr'>Dominus</span> <span class='ocrx_word' id='word_1_400' title='bbox 1344 2680 1428 2737; x_wconf 85' lang='lat' dir='ltr'>dicit:</span> <span class='ocrx_word' id='word_1_401' title='bbox 1444 2702 1453 2735; x_wconf 86' lang='grc' dir='ltr'>ι</span> <span class='ocrx_word' id='word_1_402' title='bbox 1468 2681 1579 2740; x_wconf 76' lang='lat' dir='ltr'>Gladius</span> <span class='ocrx_word' id='word_1_403' title='bbox 1595 2700 1671 2742; x_wconf 90' lang='lat' dir='ltr'>meus</span> <span class='ocrx_word' id='word_1_404' title='bbox 1685 2688 1860 2746; x_wconf 72' lang='lat' dir='ltr'>manducabit</span> 
     </span>
     <span class='ocr_line' id='line_1_29' title="bbox 232 2764 1861 2842; baseline 0.004 -17"><span class='ocrx_word' id='word_1_405' title='bbox 232 2775 278 2842; x_wconf 87' lang='grc' dir='ltr'>ἰ).</span> <span class='ocrx_word' id='word_1_406' title='bbox 295 2790 305 2824; x_wconf 79' lang='lat' dir='ltr'>s</span> <span class='ocrx_word' id='word_1_407' title='bbox 322 2771 361 2827; x_wconf 83' lang='lat' dir='ltr'>lie</span> <span class='ocrx_word' id='word_1_408' title='bbox 374 2772 425 2827; x_wconf 89' lang='lat' dir='ltr'>hoc</span> <span class='ocrx_word' id='word_1_409' title='bbox 436 2780 464 2827; x_wconf 90' lang='lat' dir='ltr'>ct</span> <span class='ocrx_word' id='word_1_410' title='bbox 474 2769 593 2826; x_wconf 79' lang='lat' dir='ltr'>ioannes</span> <span class='ocrx_word' id='word_1_411' title='bbox 604 2770 633 2825; x_wconf 89' lang='lat' dir='ltr'>iu</span> <span class='ocrx_word' id='word_1_412' title='bbox 647 2768 806 2840; x_wconf 80' lang='lat' dir='ltr'>Apocalypsi</span> <span class='ocrx_word' id='word_1_413' title='bbox 819 2769 926 2825; x_wconf 71' lang='lat' dir='ltr'>:reeca</span> <span class='ocrx_word' id='word_1_414' title='bbox 939 2769 1029 2824; x_wconf 87' lang='lat' dir='ltr'>veniet</span> <span class='ocrx_word' id='word_1_415' title='bbox 1077 2778 1174 2822; x_wconf 87' lang='lat' dir='ltr'>carnes</span> <span class='ocrx_word' id='word_1_416' title='bbox 1194 2766 1285 2839; x_wconf 82' lang='lat' dir='ltr'>(Dent.</span> <span class='ocrx_word' id='word_1_417' title='bbox 1295 2764 1414 2841; x_wconf 69' lang='lat' dir='ltr'>xxxiii.»</span> <span class='ocrx_word' id='word_1_418' title='bbox 1432 2770 1471 2828; x_wconf 83' lang='lat' dir='ltr'>iio</span> <span class='ocrx_word' id='word_1_419' title='bbox 1484 2772 1534 2829; x_wconf 88' lang='lat' dir='ltr'>hec</span> <span class='ocrx_word' id='word_1_420' title='bbox 1544 2772 1675 2831; x_wconf 77' lang='lat' dir='ltr'>ieremias</span> <span class='ocrx_word' id='word_1_421' title='bbox 1694 2776 1756 2832; x_wconf 83' lang='lat' dir='ltr'>ait:</span> <span class='ocrx_word' id='word_1_422' title='bbox 1772 2776 1861 2833; x_wconf 80' lang='lat' dir='ltr'>‹Gia-</span> 
     </span>
     <span class='ocr_line' id='line_1_30' title="bbox 246 2854 1862 2937; baseline 0.003 -20"><span class='ocrx_word' id='word_1_423' title='bbox 246 2879 308 2924; x_wconf 83' lang='lat' dir='ltr'>cum</span> <span class='ocrx_word' id='word_1_424' title='bbox 323 2862 450 2929; x_wconf 89' lang='lat' dir='ltr'>nubibus,</span> <span class='ocrx_word' id='word_1_425' title='bbox 467 2870 495 2918; x_wconf 93' lang='lat' dir='ltr'>et</span> <span class='ocrx_word' id='word_1_426' title='bbox 512 2861 615 2919; x_wconf 83' lang='lat' dir='ltr'>videbit</span> <span class='ocrx_word' id='word_1_427' title='bbox 630 2875 693 2917; x_wconf 88' lang='lat' dir='ltr'>curn</span> <span class='ocrx_word' id='word_1_428' title='bbox 708 2861 797 2916; x_wconf 85' lang='lat' dir='ltr'>etnuis</span> <span class='ocrx_word' id='word_1_429' title='bbox 816 2858 921 2924; x_wconf 78' lang='lat' dir='ltr'>oculus,</span> <span class='ocrx_word' id='word_1_430' title='bbox 935 2868 963 2916; x_wconf 92' lang='lat' dir='ltr'>et</span> <span class='ocrx_word' id='word_1_431' title='bbox 980 2860 1028 2930; x_wconf 82' lang='lat' dir='ltr'>qui</span> <span class='ocrx_word' id='word_1_432' title='bbox 1077 2854 1138 2911; x_wconf 77' lang='lat' dir='ltr'>ullus</span> <span class='ocrx_word' id='word_1_433' title='bbox 1151 2854 1258 2913; x_wconf 83' lang='lat' dir='ltr'>Domini</span> <span class='ocrx_word' id='word_1_434' title='bbox 1270 2857 1409 2916; x_wconf 86' lang='lat' dir='ltr'>devorabit</span> <span class='ocrx_word' id='word_1_435' title='bbox 1431 2861 1466 2916; x_wconf 85' lang='lat' dir='ltr'>ab</span> <span class='ocrx_word' id='word_1_436' title='bbox 1484 2871 1605 2920; x_wconf 76' lang='lat' dir='ltr'>extremo</span> <span class='ocrx_word' id='word_1_437' title='bbox 1627 2874 1706 2922; x_wconf 83' lang='lat' dir='ltr'>terrae</span> <span class='ocrx_word' id='word_1_438' title='bbox 1726 2880 1812 2937; x_wconf 72' lang='lat' dir='ltr'>umus</span> <span class='ocrx_word' id='word_1_439' title='bbox 1826 2867 1862 2922; x_wconf 87' lang='lat' dir='ltr'>ad</span> 
     </span>
     <span class='ocr_line' id='line_1_31' title="bbox 246 2945 1860 3027; baseline 0.006 -19"><span class='ocrx_word' id='word_1_440' title='bbox 246 2968 307 3008; x_wconf 87' lang='lat' dir='ltr'>eum</span> <span class='ocrx_word' id='word_1_441' title='bbox 322 2960 502 3025; x_wconf 69' lang='lat' dir='ltr'>pupugerunt,</span> <span class='ocrx_word' id='word_1_442' title='bbox 514 2962 542 3009; x_wconf 93' lang='lat' dir='ltr'>et</span> <span class='ocrx_word' id='word_1_443' title='bbox 554 2951 680 3023; x_wconf 69' lang='lat' dir='ltr'>plangent</span> <span class='ocrx_word' id='word_1_444' title='bbox 698 2966 729 3008; x_wconf 92' lang='lat' dir='ltr'>se</span> <span class='ocrx_word' id='word_1_445' title='bbox 740 2965 860 3020; x_wconf 87' lang='lat' dir='ltr'>superse</span> <span class='ocrx_word' id='word_1_446' title='bbox 872 2966 966 3009; x_wconf 88' lang='lat' dir='ltr'>omnes</span> <span class='ocrx_word' id='word_1_447' title='bbox 977 2952 1028 3009; x_wconf 89' lang='lat' dir='ltr'>tri·</span> <span class='ocrx_word' id='word_1_448' title='bbox 1077 2955 1228 3003; x_wconf 82' lang='lat' dir='ltr'>extremum</span> <span class='ocrx_word' id='word_1_449' title='bbox 1249 2945 1321 3019; x_wconf 64' lang='lat'><strong>⁰1⁰⁸,</strong></span> <span class='ocrx_word' id='word_1_450' title='bbox 1335 2963 1388 3005; x_wconf 71' lang='lat'>¹¹⁰¹!</span> <span class='ocrx_word' id='word_1_451' title='bbox 1408 2959 1450 3007; x_wconf 69' lang='grc' dir='ltr'>ιιι</span> <span class='ocrx_word' id='word_1_452' title='bbox 1470 2966 1522 3023; x_wconf 69' lang='grc' dir='ltr'>ιιι</span> <span class='ocrx_word' id='word_1_453' title='bbox 1539 2953 1671 3012; x_wconf 65' lang='lat' dir='ltr'>universe</span> <span class='ocrx_word' id='word_1_454' title='bbox 1691 2956 1766 3012; x_wconf 73' lang='lat' dir='ltr'>terni</span> <span class='ocrx_word' id='word_1_455' title='bbox 1788 2956 1860 3027; x_wconf 68' lang='lat' dir='ltr'>tter.</span> 
     </span>
     <span class='ocr_line' id='line_1_32' title="bbox 245 3015 1642 3117; baseline -0.008 -18"><span class='ocrx_word' id='word_1_456' title='bbox 245 3043 297 3099; x_wconf 92' lang='lat' dir='ltr'>hus</span> <span class='ocrx_word' id='word_1_457' title='bbox 307 3051 385 3098; x_wconf 81' lang='lat' dir='ltr'>terrae</span> <span class='ocrx_word' id='word_1_458' title='bbox 396 3041 488 3115; x_wconf 74' lang='lat' dir='ltr'>(Aper.</span> <span class='ocrx_word' id='word_1_459' title='bbox 499 3042 530 3114; x_wconf 91' lang='grc' dir='ltr'>ι).</span> <span class='ocrx_word' id='word_1_460' title='bbox 547 3042 604 3098; x_wconf 78' lang='lat' dir='ltr'>»Et</span> <span class='ocrx_word' id='word_1_461' title='bbox 617 3041 762 3098; x_wconf 85' lang='lat' dir='ltr'>llalaelrias</span> <span class='ocrx_word' id='word_1_462' title='bbox 774 3043 833 3099; x_wconf 86' lang='lat' dir='ltr'>ait:</span> <span class='ocrx_word' id='word_1_463' title='bbox 849 3060 859 3094; x_wconf 88' lang='grc' dir='ltr'>ι</span> <span class='ocrx_word' id='word_1_464' title='bbox 873 3040 943 3101; x_wconf 85' lang='lat' dir='ltr'>Ecce</span> <span class='ocrx_word' id='word_1_465' title='bbox 953 3042 1028 3099; x_wconf 80' lang='lat' dir='ltr'>verrit</span> <span class='ocrx_word' id='word_1_466' title='bbox 1040 3015 1064 3080; x_wconf 73' lang='lat' dir='ltr'>c</span> <span class='ocrx_word' id='word_1_467' title='bbox 1078 3037 1139 3109; x_wconf 78' lang='grc' dir='ltr'>ιιι).</span> <span class='ocrx_word' id='word_1_468' title='bbox 1154 3055 1165 3091; x_wconf 80' lang='lat' dir='ltr'>s</span> <span class='ocrx_word' id='word_1_469' title='bbox 1450 3108 1453 3113; x_wconf 9' lang='grc' dir='ltr'><em>Δ</em></span> <span class='ocrx_word' id='word_1_470' title='bbox 1639 3108 1642 3117; x_wconf 34' lang='grc' dir='ltr'>Ι</span> 
     </span>
     <span class='ocr_line' id='line_1_33' title="bbox 246 3122 1861 3207; baseline 0 -16"><span class='ocrx_word' id='word_1_471' title='bbox 246 3132 376 3191; x_wconf 59' lang='lat' dir='ltr'>muninus</span> <span class='ocrx_word' id='word_1_472' title='bbox 390 3134 568 3199; x_wconf 84' lang='lat' dir='ltr'>exercituum,</span> <span class='ocrx_word' id='word_1_473' title='bbox 583 3140 613 3188; x_wconf 92' lang='lat' dir='ltr'>et</span> <span class='ocrx_word' id='word_1_474' title='bbox 629 3131 690 3202; x_wconf 88' lang='lat' dir='ltr'>quie</span> <span class='ocrx_word' id='word_1_475' title='bbox 702 3131 802 3202; x_wconf 88' lang='lat' dir='ltr'>poterit</span> <span class='ocrx_word' id='word_1_476' title='bbox 820 3132 941 3202; x_wconf 69' lang='lat' dir='ltr'>cogitare</span> <span class='ocrx_word' id='word_1_477' title='bbox 954 3131 1026 3188; x_wconf 87' lang='lat' dir='ltr'>diem</span> <span class='ocrx_word' id='word_1_478' title='bbox 1103 3122 1224 3185; x_wconf 83' lang='lat' dir='ltr'>&#39;Gladius</span> <span class='ocrx_word' id='word_1_479' title='bbox 1244 3129 1316 3186; x_wconf 90' lang='lat' dir='ltr'>enim</span> <span class='ocrx_word' id='word_1_480' title='bbox 1339 3131 1470 3191; x_wconf 84' lang='lat' dir='ltr'>devorare</span> <span class='ocrx_word' id='word_1_481' title='bbox 1499 3142 1599 3191; x_wconf 89' lang='lat' dir='ltr'>terram</span> <span class='ocrx_word' id='word_1_482' title='bbox 1626 3134 1734 3201; x_wconf 85' lang='lat' dir='ltr'>dieitur,</span> <span class='ocrx_word' id='word_1_483' title='bbox 1755 3145 1783 3193; x_wconf 93' lang='lat' dir='ltr'>et</span> <span class='ocrx_word' id='word_1_484' title='bbox 1805 3150 1861 3207; x_wconf 84' lang='lat' dir='ltr'>par</span> 
     </span>
     <span class='ocr_line' id='line_1_34' title="bbox 244 3218 1861 3300; baseline 0.003 -23"><span class='ocrx_word' id='word_1_485' title='bbox 244 3218 1027 3292; x_wconf 53' lang='grc' dir='ltr'>ιιιιιιιιιιιιιιιιιιριιιιιιίιιιιιιίιιιιιιίιιιιιιιιιιιιιοιιιιιιι(ιιιιι.Ι</span> <span class='ocrx_word' id='word_1_486' title='bbox 1078 3218 1210 3275; x_wconf 79' lang='lat' dir='ltr'>universae</span> <span class='ocrx_word' id='word_1_487' title='bbox 1233 3221 1309 3276; x_wconf 92' lang='lat' dir='ltr'>cami</span> <span class='ocrx_word' id='word_1_488' title='bbox 1332 3221 1427 3280; x_wconf 87' lang='lat' dir='ltr'>deesse</span> <span class='ocrx_word' id='word_1_489' title='bbox 1455 3225 1627 3300; x_wconf 86' lang='lat' dir='ltr'>perhibetur,</span> <span class='ocrx_word' id='word_1_490' title='bbox 1650 3228 1712 3299; x_wconf 83' lang='lat' dir='ltr'>quia</span> <span class='ocrx_word' id='word_1_491' title='bbox 1735 3226 1861 3300; x_wconf 69' lang='lat' dir='ltr'>quisquis</span> 
     </span>
     <span class='ocr_line' id='line_1_35' title="bbox 243 3308 1861 3390; baseline 0.003 -21"><span class='ocrx_word' id='word_1_492' title='bbox 243 3309 1026 3382; x_wconf 59' lang='lat' dir='ltr'>un.)hrpauhpost:sssooedicsveutecsueceusaquasi</span> <span class='ocrx_word' id='word_1_493' title='bbox 1077 3320 1149 3390; x_wconf 89' lang='lat' dir='ltr'>nunc</span> <span class='ocrx_word' id='word_1_494' title='bbox 1164 3308 1308 3366; x_wconf 86' lang='lat' dir='ltr'>cameliter</span> <span class='ocrx_word' id='word_1_495' title='bbox 1329 3323 1514 3382; x_wconf 86' lang='lat' dir='ltr'>comersatur,</span> <span class='ocrx_word' id='word_1_496' title='bbox 1528 3316 1571 3373; x_wconf 87' lang='lat' dir='ltr'>vel</span> <span class='ocrx_word' id='word_1_497' title='bbox 1592 3324 1700 3374; x_wconf 88' lang='lat' dir='ltr'>terrena</span> <span class='ocrx_word' id='word_1_498' title='bbox 1723 3317 1861 3374; x_wconf 83' lang='lat' dir='ltr'>immole-</span> 
     </span>
     <span class='ocr_line' id='line_1_36' title="bbox 243 3396 1860 3477; baseline 0.004 -20"><span class='ocrx_word' id='word_1_499' title='bbox 243 3400 377 3477; x_wconf 72' lang='lat' dir='ltr'>surtinus,</span> <span class='ocrx_word' id='word_1_500' title='bbox 385 3407 414 3457; x_wconf 93' lang='lat' dir='ltr'>et</span> <span class='ocrx_word' id='word_1_501' title='bbox 426 3404 508 3456; x_wconf 88' lang='lat' dir='ltr'>erunt</span> <span class='ocrx_word' id='word_1_502' title='bbox 516 3415 611 3457; x_wconf 88' lang='lat' dir='ltr'>omues</span> <span class='ocrx_word' id='word_1_503' title='bbox 624 3400 731 3471; x_wconf 88' lang='lat' dir='ltr'>superbi</span> <span class='ocrx_word' id='word_1_504' title='bbox 751 3408 779 3456; x_wconf 92' lang='lat' dir='ltr'>ct</span> <span class='ocrx_word' id='word_1_505' title='bbox 792 3414 886 3457; x_wconf 88' lang='lat' dir='ltr'>omnes</span> <span class='ocrx_word' id='word_1_506' title='bbox 896 3397 1028 3457; x_wconf 77' lang='lat' dir='ltr'>iaciemrs</span> <span class='ocrx_word' id='word_1_507' title='bbox 1077 3396 1163 3453; x_wconf 88' lang='lat' dir='ltr'>ratius</span> <span class='ocrx_word' id='word_1_508' title='bbox 1175 3398 1282 3455; x_wconf 88' lang='lat' dir='ltr'>ambire</span> <span class='ocrx_word' id='word_1_509' title='bbox 1302 3402 1483 3468; x_wconf 84' lang='lat' dir='ltr'>convincitur.</span> <span class='ocrx_word' id='word_1_510' title='bbox 1495 3403 1595 3462; x_wconf 80' lang='lat' dir='ltr'>ultime</span> <span class='ocrx_word' id='word_1_511' title='bbox 1609 3404 1783 3462; x_wconf 89' lang='lat' dir='ltr'>districtionis</span> <span class='ocrx_word' id='word_1_512' title='bbox 1809 3423 1860 3464; x_wconf 88' lang='lat' dir='ltr'>ne·</span> 
     </span>
     <span class='ocr_line' id='line_1_37' title="bbox 245 3486 1862 3568; baseline 0.005 -24"><span class='ocrx_word' id='word_1_513' title='bbox 245 3488 410 3559; x_wconf 81' lang='lat' dir='ltr'>impietatem</span> <span class='ocrx_word' id='word_1_514' title='bbox 430 3487 502 3544; x_wconf 90' lang='lat' dir='ltr'>sieut</span> <span class='ocrx_word' id='word_1_515' title='bbox 520 3488 630 3558; x_wconf 83' lang='lat' dir='ltr'>stipula,</span> <span class='ocrx_word' id='word_1_516' title='bbox 652 3498 681 3545; x_wconf 91' lang='lat' dir='ltr'>et</span> <span class='ocrx_word' id='word_1_517' title='bbox 705 3486 879 3544; x_wconf 79' lang='lat' dir='ltr'>inflammabit</span> <span class='ocrx_word' id='word_1_518' title='bbox 898 3502 946 3544; x_wconf 93' lang='lat' dir='ltr'>eos</span> <span class='ocrx_word' id='word_1_519' title='bbox 968 3488 1027 3544; x_wconf 90' lang='lat' dir='ltr'>dies</span> <span class='ocrx_word' id='word_1_520' title='bbox 1077 3496 1209 3544; x_wconf 88' lang='lat' dir='ltr'>cesseest</span> <span class='ocrx_word' id='word_1_521' title='bbox 1228 3487 1319 3560; x_wconf 73' lang='lat' dir='ltr'>gladio</span> <span class='ocrx_word' id='word_1_522' title='bbox 1339 3492 1498 3562; x_wconf 81' lang='lat' dir='ltr'>potiuntur.</span> <span class='ocrx_word' id='word_1_523' title='bbox 1511 3494 1549 3550; x_wconf 81' lang='lat' dir='ltr'>be</span> <span class='ocrx_word' id='word_1_524' title='bbox 1561 3511 1614 3566; x_wconf 81' lang='lat' dir='ltr'>quo</span> <span class='ocrx_word' id='word_1_525' title='bbox 1627 3496 1753 3553; x_wconf 92' lang='lat' dir='ltr'>nimirum</span> <span class='ocrx_word' id='word_1_526' title='bbox 1768 3497 1862 3568; x_wconf 68' lang='lat' dir='ltr'>gladio</span> 
     </span>
     <span class='ocr_line' id='line_1_38' title="bbox 244 3574 1863 3659; baseline 0.008 -30"><span class='ocrx_word' id='word_1_527' title='bbox 244 3576 327 3649; x_wconf 70' lang='grc'>776</span> <span class='ocrx_word' id='word_1_528' title='bbox 346 3575 470 3643; x_wconf 80' lang='lat' dir='ltr'>veniens,</span> <span class='ocrx_word' id='word_1_529' title='bbox 482 3590 543 3647; x_wconf 80' lang='lat' dir='ltr'>qttae</span> <span class='ocrx_word' id='word_1_530' title='bbox 567 3591 621 3632; x_wconf 94' lang='lat' dir='ltr'>nou</span> <span class='ocrx_word' id='word_1_531' title='bbox 643 3576 778 3648; x_wconf 87' lang='lat' dir='ltr'>relinquet</span> <span class='ocrx_word' id='word_1_532' title='bbox 798 3576 839 3633; x_wconf 89' lang='lat' dir='ltr'>eis</span> <span class='ocrx_word' id='word_1_533' title='bbox 855 3576 975 3632; x_wconf 91' lang='lat' dir='ltr'>radicem</span> <span class='ocrx_word' id='word_1_534' title='bbox 998 3585 1028 3632; x_wconf 91' lang='lat' dir='ltr'>et</span> <span class='ocrx_word' id='word_1_535' title='bbox 1077 3590 1125 3646; x_wconf 91' lang='lat' dir='ltr'>per</span> <span class='ocrx_word' id='word_1_536' title='bbox 1137 3574 1306 3634; x_wconf 83' lang='lat' dir='ltr'>Ezechielem</span> <span class='ocrx_word' id='word_1_537' title='bbox 1319 3580 1448 3638; x_wconf 85' lang='lat' dir='ltr'>hominus</span> <span class='ocrx_word' id='word_1_538' title='bbox 1462 3582 1545 3639; x_wconf 84' lang='lat' dir='ltr'>dicit:</span> <span class='ocrx_word' id='word_1_539' title='bbox 1561 3584 1742 3657; x_wconf 69' lang='lat' dir='ltr'>‹Egredietur</span> <span class='ocrx_word' id='word_1_540' title='bbox 1752 3585 1863 3659; x_wconf 70' lang='lat' dir='ltr'>gladium</span> 
     </span>
     <span class='ocr_line' id='line_1_39' title="bbox 243 3665 1863 3747; baseline 0.006 -24"><span class='ocrx_word' id='word_1_541' title='bbox 243 3681 353 3738; x_wconf 72' lang='lat' dir='ltr'>germen</span> <span class='ocrx_word' id='word_1_542' title='bbox 364 3665 443 3737; x_wconf 80' lang='lat' dir='ltr'>(lici.</span> <span class='ocrx_word' id='word_1_543' title='bbox 452 3675 523 3737; x_wconf 74' lang='lat' dir='ltr'>rvi.»</span> <span class='ocrx_word' id='word_1_544' title='bbox 538 3666 573 3723; x_wconf 80' lang='lat' dir='ltr'>Et</span> <span class='ocrx_word' id='word_1_545' title='bbox 586 3681 635 3738; x_wconf 89' lang='lat' dir='ltr'>per</span> <span class='ocrx_word' id='word_1_546' title='bbox 646 3665 727 3723; x_wconf 88' lang='lat' dir='ltr'>alium</span> <span class='ocrx_word' id='word_1_547' title='bbox 739 3666 896 3738; x_wconf 79' lang='lat' dir='ltr'>prophetam</span> <span class='ocrx_word' id='word_1_548' title='bbox 910 3666 1024 3727; x_wconf 86' lang='lat' dir='ltr'>dicitur:</span> <span class='ocrx_word' id='word_1_549' title='bbox 1077 3679 1153 3721; x_wconf 89' lang='lat' dir='ltr'>mens</span> <span class='ocrx_word' id='word_1_550' title='bbox 1160 3667 1194 3722; x_wconf 90' lang='lat' dir='ltr'>de</span> <span class='ocrx_word' id='word_1_551' title='bbox 1200 3666 1296 3737; x_wconf 73' lang='lat' dir='ltr'>vagina</span> <span class='ocrx_word' id='word_1_552' title='bbox 1304 3682 1353 3733; x_wconf 76' lang='lat' dir='ltr'>aua</span> <span class='ocrx_word' id='word_1_553' title='bbox 1359 3669 1392 3726; x_wconf 91' lang='lat' dir='ltr'>ad</span> <span class='ocrx_word' id='word_1_554' title='bbox 1401 3672 1765 3732; x_wconf 80' lang='lat' dir='ltr'>ornrremcarnemabdnstro</span> <span class='ocrx_word' id='word_1_555' title='bbox 1771 3689 1863 3747; x_wconf 82' lang='lat' dir='ltr'>usque</span> 
     </span>
     <span class='ocr_line' id='line_1_40' title="bbox 247 3752 1865 3834; baseline 0.007 -23"><span class='ocrx_word' id='word_1_556' title='bbox 247 3756 362 3815; x_wconf 76' lang='lat' dir='ltr'>‹tdhuc</span> <span class='ocrx_word' id='word_1_557' title='bbox 374 3772 456 3815; x_wconf 90' lang='lat' dir='ltr'>uuum</span> <span class='ocrx_word' id='word_1_558' title='bbox 471 3756 605 3813; x_wconf 88' lang='lat' dir='ltr'>modicum</span> <span class='ocrx_word' id='word_1_559' title='bbox 618 3762 671 3822; x_wconf 83' lang='lat' dir='ltr'>est.</span> <span class='ocrx_word' id='word_1_560' title='bbox 681 3764 710 3813; x_wconf 91' lang='lat' dir='ltr'>et</span> <span class='ocrx_word' id='word_1_561' title='bbox 721 3770 771 3827; x_wconf 71' lang='lat' dir='ltr'>ego</span> <span class='ocrx_word' id='word_1_562' title='bbox 784 3754 958 3811; x_wconf 82' lang='lat' dir='ltr'>commonebo</span> <span class='ocrx_word' id='word_1_563' title='bbox 970 3768 1025 3823; x_wconf 76' lang='lat' dir='ltr'>cor·</span> <span class='ocrx_word' id='word_1_564' title='bbox 1077 3752 1111 3807; x_wconf 88' lang='lat' dir='ltr'>ad</span> <span class='ocrx_word' id='word_1_565' title='bbox 1122 3752 1296 3825; x_wconf 64' lang='lat' dir='ltr'>Aquilonem</span> <span class='ocrx_word' id='word_1_566' title='bbox 1309 3763 1339 3811; x_wconf 93' lang='lat' dir='ltr'>ut</span> <span class='ocrx_word' id='word_1_567' title='bbox 1348 3758 1512 3815; x_wconf 87' lang='lat' dir='ltr'>sciatomnis</span> <span class='ocrx_word' id='word_1_568' title='bbox 1522 3776 1586 3818; x_wconf 89' lang='lat' dir='ltr'>caro</span> <span class='ocrx_word' id='word_1_569' title='bbox 1599 3763 1661 3833; x_wconf 82' lang='lat' dir='ltr'>quia</span> <span class='ocrx_word' id='word_1_570' title='bbox 1670 3777 1720 3834; x_wconf 72' lang='lat' dir='ltr'>ego</span> <span class='ocrx_word' id='word_1_571' title='bbox 1729 3763 1865 3822; x_wconf 82' lang='lat' dir='ltr'>homirius</span> 
     </span>
     <span class='ocr_line' id='line_1_41' title="bbox 243 3843 1865 3923; baseline 0.004 -19"><span class='ocrx_word' id='word_1_572' title='bbox 243 3848 300 3905; x_wconf 85' lang='lat' dir='ltr'>lunt</span> <span class='ocrx_word' id='word_1_573' title='bbox 321 3858 350 3907; x_wconf 89' lang='lat' dir='ltr'>ct</span> <span class='ocrx_word' id='word_1_574' title='bbox 374 3857 491 3915; x_wconf 83' lang='lat' dir='ltr'>terram,</span> <span class='ocrx_word' id='word_1_575' title='bbox 514 3855 645 3913; x_wconf 81' lang='lat' dir='ltr'>eiurare,</span> <span class='ocrx_word' id='word_1_576' title='bbox 667 3854 695 3903; x_wconf 92' lang='lat' dir='ltr'>et</span> <span class='ocrx_word' id='word_1_577' title='bbox 718 3845 836 3912; x_wconf 80' lang='lat' dir='ltr'>aridam,</span> <span class='ocrx_word' id='word_1_578' title='bbox 861 3853 889 3902; x_wconf 93' lang='lat' dir='ltr'>et</span> <span class='ocrx_word' id='word_1_579' title='bbox 912 3846 1026 3902; x_wconf 82' lang='lat' dir='ltr'>movebo</span> <span class='ocrx_word' id='word_1_580' title='bbox 1076 3843 1157 3898; x_wconf 80' lang='lat' dir='ltr'>eduxi</span> <span class='ocrx_word' id='word_1_581' title='bbox 1178 3843 1296 3916; x_wconf 77' lang='lat' dir='ltr'>gladium</span> <span class='ocrx_word' id='word_1_582' title='bbox 1317 3861 1406 3904; x_wconf 90' lang='lat' dir='ltr'>mcum</span> <span class='ocrx_word' id='word_1_583' title='bbox 1419 3849 1563 3923; x_wconf 73' lang='lat' dir='ltr'>tlevagina</span> <span class='ocrx_word' id='word_1_584' title='bbox 1583 3867 1632 3909; x_wconf 89' lang='lat' dir='ltr'>sua</span> <span class='ocrx_word' id='word_1_585' title='bbox 1655 3853 1865 3911; x_wconf 78' lang='lat' dir='ltr'>irrevocabilem</span> 
     </span>
     <span class='ocr_line' id='line_1_42' title="bbox 244 3926 1862 4015; baseline 0.002 -17"><span class='ocrx_word' id='word_1_586' title='bbox 244 3940 339 3998; x_wconf 78' lang='lat' dir='ltr'>emises</span> <span class='ocrx_word' id='word_1_587' title='bbox 347 3947 491 4013; x_wconf 54' lang='lat' dir='ltr'>perimet</span> <span class='ocrx_word' id='word_1_588' title='bbox 502 3937 591 3996; x_wconf 91' lang='lat' dir='ltr'>veniet</span> <span class='ocrx_word' id='word_1_589' title='bbox 607 3937 775 3994; x_wconf 86' lang='lat' dir='ltr'>desideratus</span> <span class='ocrx_word' id='word_1_590' title='bbox 785 3936 889 3992; x_wconf 89' lang='lat' dir='ltr'>cunctis</span> <span class='ocrx_word' id='word_1_591' title='bbox 903 3926 1027 4009; x_wconf 72' lang='lat' dir='ltr'>gentibus</span> <span class='ocrx_word' id='word_1_592' title='bbox 1078 3933 1186 4003; x_wconf 71' lang='lat' dir='ltr'>(nect.</span> <span class='ocrx_word' id='word_1_593' title='bbox 1200 3935 1286 4011; x_wconf 69' lang='lat' dir='ltr'>trel.»</span> <span class='ocrx_word' id='word_1_594' title='bbox 1303 3936 1342 3994; x_wconf 82' lang='lat' dir='ltr'>lle</span> <span class='ocrx_word' id='word_1_595' title='bbox 1361 3938 1413 3996; x_wconf 90' lang='lat' dir='ltr'>hoe</span> <span class='ocrx_word' id='word_1_596' title='bbox 1434 3942 1526 4012; x_wconf 85' lang='lat' dir='ltr'>utique</span> <span class='ocrx_word' id='word_1_597' title='bbox 1548 3942 1637 4014; x_wconf 71' lang='lat' dir='ltr'>gladio</span> <span class='ocrx_word' id='word_1_598' title='bbox 1654 3952 1682 4000; x_wconf 89' lang='lat' dir='ltr'>et</span> <span class='ocrx_word' id='word_1_599' title='bbox 1694 3944 1778 4000; x_wconf 78' lang='lat' dir='ltr'>Amos</span> <span class='ocrx_word' id='word_1_600' title='bbox 1792 3959 1862 4015; x_wconf 88' lang='lat' dir='ltr'>pro·</span> 
     </span>
     <span class='ocr_line' id='line_1_43' title="bbox 244 4024 1865 4106; baseline 0.005 -22"><span class='ocrx_word' id='word_1_601' title='bbox 244 4030 346 4104; x_wconf 73' lang='lat' dir='ltr'>(Appoei</span> <span class='ocrx_word' id='word_1_602' title='bbox 365 4030 435 4103; x_wconf 91' lang='lat' dir='ltr'>vm).</span> <span class='ocrx_word' id='word_1_603' title='bbox 457 4028 549 4087; x_wconf 81' lang='lat' dir='ltr'>sltem</span> <span class='ocrx_word' id='word_1_604' title='bbox 561 4028 648 4085; x_wconf 86' lang='lat' dir='ltr'>alius:</span> <span class='ocrx_word' id='word_1_605' title='bbox 667 4026 770 4084; x_wconf 79' lang='lat' dir='ltr'>«Juxta</span> <span class='ocrx_word' id='word_1_606' title='bbox 783 4036 825 4084; x_wconf 91' lang='lat' dir='ltr'>cst</span> <span class='ocrx_word' id='word_1_607' title='bbox 839 4027 897 4083; x_wconf 90' lang='lat' dir='ltr'>dics</span> <span class='ocrx_word' id='word_1_608' title='bbox 919 4027 1027 4084; x_wconf 87' lang='lat' dir='ltr'>bomini</span> <span class='ocrx_word' id='word_1_609' title='bbox 1077 4024 1158 4095; x_wconf 82' lang='lat' dir='ltr'>pheta</span> <span class='ocrx_word' id='word_1_610' title='bbox 1170 4024 1255 4082; x_wconf 85' lang='lat' dir='ltr'>dicit:</span> <span class='ocrx_word' id='word_1_611' title='bbox 1269 4026 1318 4088; x_wconf 79' lang='lat' dir='ltr'>riu</span> <span class='ocrx_word' id='word_1_612' title='bbox 1329 4028 1418 4101; x_wconf 68' lang='lat' dir='ltr'>gladio</span> <span class='ocrx_word' id='word_1_613' title='bbox 1433 4033 1582 4088; x_wconf 89' lang='lat' dir='ltr'>morientur</span> <span class='ocrx_word' id='word_1_614' title='bbox 1594 4033 1689 4090; x_wconf 87' lang='lat' dir='ltr'>omues</span> <span class='ocrx_word' id='word_1_615' title='bbox 1702 4044 1865 4106; x_wconf 79' lang='lat' dir='ltr'>peccatores</span> 
     </span>
     <span class='ocr_line' id='line_1_44' title="bbox 245 4113 1864 4197; baseline 0.002 -17"><span class='ocrx_word' id='word_1_616' title='bbox 245 4140 373 4197; x_wconf 74' lang='lat' dir='ltr'>maguus.</span> <span class='ocrx_word' id='word_1_617' title='bbox 387 4123 481 4194; x_wconf 79' lang='lat' dir='ltr'>insta,</span> <span class='ocrx_word' id='word_1_618' title='bbox 504 4133 533 4179; x_wconf 91' lang='lat' dir='ltr'>et</span> <span class='ocrx_word' id='word_1_619' title='bbox 556 4121 632 4179; x_wconf 80' lang='lat' dir='ltr'>uelox</span> <span class='ocrx_word' id='word_1_620' title='bbox 654 4121 750 4189; x_wconf 90' lang='lat' dir='ltr'>nimis;</span> <span class='ocrx_word' id='word_1_621' title='bbox 770 4136 823 4177; x_wconf 86' lang='lat' dir='ltr'>vox</span> <span class='ocrx_word' id='word_1_622' title='bbox 844 4119 895 4176; x_wconf 90' lang='lat' dir='ltr'>diei</span> <span class='ocrx_word' id='word_1_623' title='bbox 920 4119 1027 4176; x_wconf 82' lang='lat' dir='ltr'>Dourini</span> <span class='ocrx_word' id='word_1_624' title='bbox 1078 4113 1169 4186; x_wconf 89' lang='lat' dir='ltr'>popuii</span> <span class='ocrx_word' id='word_1_625' title='bbox 1184 4116 1252 4182; x_wconf 89' lang='lat' dir='ltr'>mei,</span> <span class='ocrx_word' id='word_1_626' title='bbox 1274 4118 1321 4189; x_wconf 85' lang='lat' dir='ltr'>qui</span> <span class='ocrx_word' id='word_1_627' title='bbox 1334 4119 1414 4192; x_wconf 91' lang='grc'>777</span> <span class='ocrx_word' id='word_1_628' title='bbox 1427 4121 1530 4187; x_wconf 83' lang='lat' dir='ltr'>dicunt.</span> <span class='ocrx_word' id='word_1_629' title='bbox 1546 4138 1600 4180; x_wconf 93' lang='lat' dir='ltr'>non</span> <span class='ocrx_word' id='word_1_630' title='bbox 1622 4125 1864 4197; x_wconf 83' lang='lat' dir='ltr'>appropinquabit.</span> 
     </span>
     <span class='ocr_line' id='line_1_45' title="bbox 243 4208 1866 4289; baseline 0.005 -22"><span class='ocrx_word' id='word_1_631' title='bbox 243 4228 353 4277; x_wconf 74' lang='lat' dir='ltr'>annea,</span> <span class='ocrx_word' id='word_1_632' title='bbox 370 4212 544 4289; x_wconf 76' lang='lat' dir='ltr'>tribulabitur</span> <span class='ocrx_word' id='word_1_633' title='bbox 559 4210 597 4268; x_wconf 91' lang='lat' dir='ltr'>ihi</span> <span class='ocrx_word' id='word_1_634' title='bbox 616 4210 711 4279; x_wconf 83' lang='lat' dir='ltr'>lurtis,</span> <span class='ocrx_word' id='word_1_635' title='bbox 734 4210 792 4266; x_wconf 90' lang='lat' dir='ltr'>dies</span> <span class='ocrx_word' id='word_1_636' title='bbox 810 4208 869 4273; x_wconf 79' lang='lat' dir='ltr'>ira.</span> <span class='ocrx_word' id='word_1_637' title='bbox 889 4208 947 4264; x_wconf 88' lang='lat' dir='ltr'>dies</span> <span class='ocrx_word' id='word_1_638' title='bbox 968 4208 1026 4275; x_wconf 85' lang='lat' dir='ltr'>iila,</span> <span class='ocrx_word' id='word_1_639' title='bbox 1077 4217 1106 4265; x_wconf 88' lang='lat' dir='ltr'>et</span> <span class='ocrx_word' id='word_1_640' title='bbox 1119 4223 1173 4265; x_wconf 91' lang='lat' dir='ltr'>non</span> <span class='ocrx_word' id='word_1_641' title='bbox 1185 4210 1275 4267; x_wconf 88' lang='lat' dir='ltr'>veniet</span> <span class='ocrx_word' id='word_1_642' title='bbox 1287 4225 1368 4283; x_wconf 91' lang='lat' dir='ltr'>snper</span> <span class='ocrx_word' id='word_1_643' title='bbox 1378 4229 1428 4271; x_wconf 88' lang='lat' dir='ltr'>nos</span> <span class='ocrx_word' id='word_1_644' title='bbox 1441 4214 1539 4271; x_wconf 91' lang='lat' dir='ltr'>malum</span> <span class='ocrx_word' id='word_1_645' title='bbox 1552 4217 1653 4287; x_wconf 77' lang='lat' dir='ltr'>(Amos,</span> <span class='ocrx_word' id='word_1_646' title='bbox 1666 4218 1716 4288; x_wconf 85' lang='lat' dir='ltr'>tr).</span> <span class='ocrx_word' id='word_1_647' title='bbox 1731 4215 1809 4274; x_wconf 84' lang='lat' dir='ltr'>illic</span> <span class='ocrx_word' id='word_1_648' title='bbox 1822 4222 1866 4275; x_wconf 85' lang='lat' dir='ltr'>di·</span> 
     </span>
     <span class='ocr_line' id='line_1_46' title="bbox 222 4286 1866 4381; baseline 0.001 -17"><span class='ocrx_word' id='word_1_649' title='bbox 222 4308 304 4381; x_wconf 68' lang='lat' dir='ltr'>xdies</span> <span class='ocrx_word' id='word_1_650' title='bbox 321 4306 498 4362; x_wconf 87' lang='lat' dir='ltr'>tribulationis</span> <span class='ocrx_word' id='word_1_651' title='bbox 517 4314 545 4359; x_wconf 91' lang='lat' dir='ltr'>et</span> <span class='ocrx_word' id='word_1_652' title='bbox 566 4303 713 4376; x_wconf 74' lang='lat' dir='ltr'>angustiae,</span> <span class='ocrx_word' id='word_1_653' title='bbox 739 4301 797 4359; x_wconf 89' lang='lat' dir='ltr'>dies</span> <span class='ocrx_word' id='word_1_654' title='bbox 817 4299 978 4358; x_wconf 88' lang='lat' dir='ltr'>calamitatis</span> <span class='ocrx_word' id='word_1_655' title='bbox 999 4310 1028 4357; x_wconf 91' lang='lat' dir='ltr'>et</span> <span class='ocrx_word' id='word_1_656' title='bbox 1080 4298 1134 4353; x_wconf 87' lang='lat' dir='ltr'>vini</span> <span class='ocrx_word' id='word_1_657' title='bbox 1145 4286 1239 4369; x_wconf 83' lang='lat' dir='ltr'>iudicii</span> <span class='ocrx_word' id='word_1_658' title='bbox 1254 4308 1343 4357; x_wconf 90' lang='lat' dir='ltr'>terror</span> <span class='ocrx_word' id='word_1_659' title='bbox 1356 4303 1499 4362; x_wconf 90' lang='lat' dir='ltr'>interiores</span> <span class='ocrx_word' id='word_1_660' title='bbox 1511 4304 1615 4363; x_wconf 85' lang='lat' dir='ltr'>Nahum</span> <span class='ocrx_word' id='word_1_661' title='bbox 1632 4310 1768 4378; x_wconf 72' lang='lat' dir='ltr'>prophete</span> <span class='ocrx_word' id='word_1_662' title='bbox 1779 4324 1866 4365; x_wconf 87' lang='lat' dir='ltr'>aures</span> 
     </span>
     <span class='ocr_line' id='line_1_47' title="bbox 245 4391 1866 4474; baseline 0.004 -20"><span class='ocrx_word' id='word_1_663' title='bbox 245 4399 371 4464; x_wconf 75' lang='lat' dir='ltr'>nicene,</span> <span class='ocrx_word' id='word_1_664' title='bbox 382 4399 440 4453; x_wconf 83' lang='lat' dir='ltr'>dies</span> <span class='ocrx_word' id='word_1_665' title='bbox 453 4394 557 4453; x_wconf 78' lang='lat' dir='ltr'>nebule</span> <span class='ocrx_word' id='word_1_666' title='bbox 574 4405 602 4451; x_wconf 86' lang='lat' dir='ltr'>et</span> <span class='ocrx_word' id='word_1_667' title='bbox 616 4395 743 4460; x_wconf 84' lang='lat' dir='ltr'>turbinis,</span> <span class='ocrx_word' id='word_1_668' title='bbox 756 4393 813 4450; x_wconf 91' lang='lat' dir='ltr'>dies</span> <span class='ocrx_word' id='word_1_669' title='bbox 823 4392 894 4448; x_wconf 84' lang='lat' dir='ltr'>tuhae</span> <span class='ocrx_word' id='word_1_670' title='bbox 916 4401 944 4447; x_wconf 91' lang='lat' dir='ltr'>ct</span> <span class='ocrx_word' id='word_1_671' title='bbox 955 4392 1029 4448; x_wconf 87' lang='lat' dir='ltr'>elan·</span> <span class='ocrx_word' id='word_1_672' title='bbox 1079 4391 1249 4463; x_wconf 83' lang='lat' dir='ltr'>turbaverat‚</span> <span class='ocrx_word' id='word_1_673' title='bbox 1258 4409 1320 4451; x_wconf 91' lang='lat' dir='ltr'>cum</span> <span class='ocrx_word' id='word_1_674' title='bbox 1333 4398 1440 4455; x_wconf 84' lang='lat' dir='ltr'>dicebat</span> <span class='ocrx_word' id='word_1_675' title='bbox 1455 4417 1462 4454; x_wconf 90' lang='lat'><strong>:</strong></span> <span class='ocrx_word' id='word_1_676' title='bbox 1480 4418 1490 4452; x_wconf 86' lang='grc' dir='ltr'>ι</span> <span class='ocrx_word' id='word_1_677' title='bbox 1505 4399 1561 4455; x_wconf 82' lang='lat' dir='ltr'>lior</span> <span class='ocrx_word' id='word_1_678' title='bbox 1574 4400 1681 4474; x_wconf 76' lang='lat' dir='ltr'>flagelli,</span> <span class='ocrx_word' id='word_1_679' title='bbox 1696 4413 1724 4459; x_wconf 91' lang='lat' dir='ltr'>et</span> <span class='ocrx_word' id='word_1_680' title='bbox 1741 4417 1796 4461; x_wconf 77' lang='lat' dir='ltr'>tor</span> <span class='ocrx_word' id='word_1_681' title='bbox 1810 4406 1866 4460; x_wconf 89' lang='lat' dir='ltr'>im·</span> 
     </span>
     <span class='ocr_line' id='line_1_48' title="bbox 243 4487 1867 4567; baseline 0.002 -17"><span class='ocrx_word' id='word_1_682' title='bbox 243 4495 319 4567; x_wconf 69' lang='lat' dir='ltr'>geris</span> <span class='ocrx_word' id='word_1_683' title='bbox 337 4493 466 4565; x_wconf 78' lang='lat' dir='ltr'>(Septen.</span> <span class='ocrx_word' id='word_1_684' title='bbox 485 4493 538 4565; x_wconf 72' lang='lat' dir='ltr'>tl.»</span> <span class='ocrx_word' id='word_1_685' title='bbox 566 4491 617 4548; x_wconf 90' lang='lat' dir='ltr'>llhi</span> <span class='ocrx_word' id='word_1_686' title='bbox 634 4490 790 4555; x_wconf 82' lang='lat' dir='ltr'>notandum,</span> <span class='ocrx_word' id='word_1_687' title='bbox 810 4487 940 4543; x_wconf 89' lang='lat' dir='ltr'>tremendi</span> <span class='ocrx_word' id='word_1_688' title='bbox 955 4488 1026 4543; x_wconf 89' lang='lat' dir='ltr'>diem</span> <span class='ocrx_word' id='word_1_689' title='bbox 1078 4493 1241 4556; x_wconf 82' lang='lat' dir='ltr'>petusrotae,</span> <span class='ocrx_word' id='word_1_690' title='bbox 1256 4488 1353 4558; x_wconf 80' lang='lat' dir='ltr'>eloqui</span> <span class='ocrx_word' id='word_1_691' title='bbox 1367 4487 1519 4557; x_wconf 71' lang='lat' dir='ltr'>momentis,</span> <span class='ocrx_word' id='word_1_692' title='bbox 1533 4493 1867 4567; x_wconf 73' lang='lat' dir='ltr'>etquadrigelerventis.</span> 
     </span>
    </p>
   </div>
   <div class='ocr_carea' id='block_1_3' title="bbox 242 4574 1976 4658">
    <p class='ocr_par' dir='ltr' id='par_1_3' title="bbox 242 4574 1976 4658">
     <span class='ocr_line' id='line_1_49' title="bbox 242 4574 1976 4658; baseline 0.01 -30"><span class='ocrx_word' id='word_1_693' title='bbox 242 4584 348 4656; x_wconf 62' lang='lat' dir='ltr'>jumen,</span> <span class='ocrx_word' id='word_1_694' title='bbox 361 4598 440 4654; x_wconf 75' lang='lat' dir='ltr'>quam</span> <span class='ocrx_word' id='word_1_695' title='bbox 464 4580 594 4654; x_wconf 73' lang='lat' dir='ltr'>proxime,</span> <span class='ocrx_word' id='word_1_696' title='bbox 610 4594 744 4651; x_wconf 84' lang='lat' dir='ltr'>quamque</span> <span class='ocrx_word' id='word_1_697' title='bbox 760 4578 905 4649; x_wconf 89' lang='lat' dir='ltr'>perniciter</span> <span class='ocrx_word' id='word_1_698' title='bbox 927 4578 1028 4635; x_wconf 77' lang='lat' dir='ltr'>adsen-</span> <span class='ocrx_word' id='word_1_699' title='bbox 1077 4576 1399 4647; x_wconf 81' lang='lat' dir='ltr'>etequitisascendeutis‚</span> <span class='ocrx_word' id='word_1_700' title='bbox 1419 4591 1448 4638; x_wconf 91' lang='lat' dir='ltr'>et</span> <span class='ocrx_word' id='word_1_701' title='bbox 1468 4584 1595 4641; x_wconf 79' lang='lat' dir='ltr'>micantis</span> <span class='ocrx_word' id='word_1_702' title='bbox 1616 4583 1708 4657; x_wconf 74' lang='lat' dir='ltr'>gladii,</span> <span class='ocrx_word' id='word_1_703' title='bbox 1720 4594 1748 4642; x_wconf 93' lang='lat' dir='ltr'>et</span> <span class='ocrx_word' id='word_1_704' title='bbox 1770 4585 1867 4658; x_wconf 72' lang='lat' dir='ltr'>inign-</span> <span class='ocrx_word' id='word_1_705' title='bbox 1975 4574 1976 4585; x_wconf 42' lang='lat'>¹</span> 
     </span>
    </p>
   </div>
   <div class='ocr_carea' id='block_1_4' title="bbox 224 4665 1870 5293">
    <p class='ocr_par' dir='ltr' id='par_1_4' title="bbox 224 4665 1870 5293">
     <span class='ocr_line' id='line_1_50' title="bbox 243 4665 1867 4747; baseline 0.002 -19"><span class='ocrx_word' id='word_1_706' title='bbox 243 4685 304 4733; x_wconf 80' lang='lat' dir='ltr'>tare</span> <span class='ocrx_word' id='word_1_707' title='bbox 324 4676 454 4747; x_wconf 87' lang='lat' dir='ltr'>propheta</span> <span class='ocrx_word' id='word_1_708' title='bbox 475 4673 641 4735; x_wconf 84' lang='lat' dir='ltr'>considerat.</span> <span class='ocrx_word' id='word_1_709' title='bbox 659 4672 693 4727; x_wconf 90' lang='lat' dir='ltr'>ad</span> <span class='ocrx_word' id='word_1_710' title='bbox 716 4670 793 4740; x_wconf 84' lang='lat' dir='ltr'>cujus</span> <span class='ocrx_word' id='word_1_711' title='bbox 811 4670 959 4743; x_wconf 78' lang='lat' dir='ltr'>agilitatem</span> <span class='ocrx_word' id='word_1_712' title='bbox 979 4685 1028 4727; x_wconf 78' lang='lat' dir='ltr'>er·</span> <span class='ocrx_word' id='word_1_713' title='bbox 1079 4665 1166 4720; x_wconf 89' lang='lat' dir='ltr'>rantis</span> <span class='ocrx_word' id='word_1_714' title='bbox 1188 4665 1282 4732; x_wconf 73' lang='lat' dir='ltr'>haste,</span> <span class='ocrx_word' id='word_1_715' title='bbox 1296 4675 1324 4723; x_wconf 92' lang='lat' dir='ltr'>et</span> <span class='ocrx_word' id='word_1_716' title='bbox 1346 4668 1527 4727; x_wconf 86' lang='lat' dir='ltr'>multitudinis</span> <span class='ocrx_word' id='word_1_717' title='bbox 1543 4670 1705 4739; x_wconf 82' lang='lat' dir='ltr'>interiectae.</span> <span class='ocrx_word' id='word_1_718' title='bbox 1726 4682 1753 4731; x_wconf 93' lang='lat' dir='ltr'>et</span> <span class='ocrx_word' id='word_1_719' title='bbox 1767 4677 1867 4747; x_wconf 73' lang='lat' dir='ltr'>grauis</span> 
     </span>
     <span class='ocr_line' id='line_1_51' title="bbox 241 4755 1867 4840; baseline -0.001 -17"><span class='ocrx_word' id='word_1_720' title='bbox 241 4768 362 4840; x_wconf 88' lang='lat' dir='ltr'>pressius</span> <span class='ocrx_word' id='word_1_721' title='bbox 383 4766 568 4823; x_wconf 89' lang='lat' dir='ltr'>inculcandam</span> <span class='ocrx_word' id='word_1_722' title='bbox 585 4774 625 4822; x_wconf 90' lang='lat' dir='ltr'>tut</span> <span class='ocrx_word' id='word_1_723' title='bbox 645 4763 813 4822; x_wconf 89' lang='lat' dir='ltr'>accelerandi</span> <span class='ocrx_word' id='word_1_724' title='bbox 829 4764 952 4819; x_wconf 64' lang='lat' dir='ltr'>,nomina</span> <span class='ocrx_word' id='word_1_725' title='bbox 980 4778 1027 4819; x_wconf 86' lang='lat' dir='ltr'>ce·</span> <span class='ocrx_word' id='word_1_726' title='bbox 1078 4755 1353 4820; x_wconf 66' lang='lat' dir='ltr'>rulssaernectsistssii</span> <span class='ocrx_word' id='word_1_727' title='bbox 1367 4760 1528 4817; x_wconf 64' lang='lat' dir='ltr'>cadaverum</span> <span class='ocrx_word' id='word_1_728' title='bbox 1544 4761 1754 4836; x_wconf 65' lang='lat' dir='ltr'>(Nabtmmulo</span> <span class='ocrx_word' id='word_1_729' title='bbox 1769 4765 1867 4822; x_wconf 84' lang='lat' dir='ltr'>Enim·</span> 
     </span>
     <span class='ocr_line' id='line_1_52' title="bbox 241 4843 1869 4923; baseline 0.004 -11"><span class='ocrx_word' id='word_1_730' title='bbox 241 4865 371 4914; x_wconf 72' lang='lat' dir='ltr'>arenata</span> <span class='ocrx_word' id='word_1_731' title='bbox 384 4858 429 4913; x_wconf 84' lang='lat' dir='ltr'>um</span> <span class='ocrx_word' id='word_1_732' title='bbox 444 4856 590 4913; x_wconf 72' lang='lat' dir='ltr'>returnar</span> <span class='ocrx_word' id='word_1_733' title='bbox 604 4856 725 4911; x_wconf 67' lang='lat' dir='ltr'>araxem</span> <span class='ocrx_word' id='word_1_734' title='bbox 740 4852 877 4916; x_wconf 77' lang='lat' dir='ltr'>dictionis.</span> <span class='ocrx_word' id='word_1_735' title='bbox 897 4852 940 4909; x_wconf 79' lang='lat' dir='ltr'>nis</span> <span class='ocrx_word' id='word_1_736' title='bbox 953 4854 1028 4923; x_wconf 81' lang='lat' dir='ltr'>ponu</span> <span class='ocrx_word' id='word_1_737' title='bbox 1078 4859 1143 4899; x_wconf 74' lang='lat' dir='ltr'>vero</span> <span class='ocrx_word' id='word_1_738' title='bbox 1159 4845 1193 4900; x_wconf 77' lang='lat' dir='ltr'>ue</span> <span class='ocrx_word' id='word_1_739' title='bbox 1208 4843 1406 4914; x_wconf 81' lang='lat' dir='ltr'>divinoiudicio</span> <span class='ocrx_word' id='word_1_740' title='bbox 1419 4849 1483 4919; x_wconf 81' lang='lat' dir='ltr'>quid</span> <span class='ocrx_word' id='word_1_741' title='bbox 1497 4850 1593 4907; x_wconf 77' lang='lat' dir='ltr'>uidem</span> <span class='ocrx_word' id='word_1_742' title='bbox 1605 4851 1709 4918; x_wconf 78' lang='lat' dir='ltr'>nantel,</span> <span class='ocrx_word' id='word_1_743' title='bbox 1717 4854 1869 4911; x_wconf 69' lang='lat' dir='ltr'>manifeste</span> 
     </span>
     <span class='ocr_line' id='line_1_53' title="bbox 240 4936 1867 5018; baseline -0.004 -13"><span class='ocrx_word' id='word_1_744' title='bbox 240 4948 330 5018; x_wconf 70' lang='lat' dir='ltr'>juste,</span> <span class='ocrx_word' id='word_1_745' title='bbox 342 4946 439 5003; x_wconf 86' lang='lat' dir='ltr'>deiude</span> <span class='ocrx_word' id='word_1_746' title='bbox 460 4947 543 5009; x_wconf 76' lang='lat' dir='ltr'>ocior,</span> <span class='ocrx_word' id='word_1_747' title='bbox 560 4954 587 4999; x_wconf 85' lang='lat' dir='ltr'>et</span> <span class='ocrx_word' id='word_1_748' title='bbox 598 4945 686 5009; x_wconf 76' lang='lat' dir='ltr'>minis,</span> <span class='ocrx_word' id='word_1_749' title='bbox 702 4952 731 4997; x_wconf 90' lang='lat' dir='ltr'>ut</span> <span class='ocrx_word' id='word_1_750' title='bbox 745 4942 845 5011; x_wconf 73' lang='lat' dir='ltr'>liquido</span> <span class='ocrx_word' id='word_1_751' title='bbox 859 4942 954 5013; x_wconf 86' lang='lat' dir='ltr'>doceat</span> <span class='ocrx_word' id='word_1_752' title='bbox 964 4941 1027 5012; x_wconf 81' lang='lat' dir='ltr'>qrria</span> <span class='ocrx_word' id='word_1_753' title='bbox 1077 4936 1215 5002; x_wconf 87' lang='lat' dir='ltr'>describit,</span> <span class='ocrx_word' id='word_1_754' title='bbox 1231 4936 1325 4992; x_wconf 85' lang='lat' dir='ltr'>dicens</span> <span class='ocrx_word' id='word_1_755' title='bbox 1340 4957 1346 4992; x_wconf 77' lang='grc' dir='ltr'>ι</span> <span class='ocrx_word' id='word_1_756' title='bbox 1364 4939 1568 5011; x_wconf 75' lang='lat' dir='ltr'>«aspiciebam,</span> <span class='ocrx_word' id='word_1_757' title='bbox 1579 4941 1665 4998; x_wconf 91' lang='lat' dir='ltr'>donec</span> <span class='ocrx_word' id='word_1_758' title='bbox 1678 4944 1766 4999; x_wconf 90' lang='lat' dir='ltr'>throni</span> <span class='ocrx_word' id='word_1_759' title='bbox 1781 4946 1867 5013; x_wconf 84' lang='lat' dir='ltr'>positi</span> 
     </span>
     <span class='ocr_line' id='line_1_54' title="bbox 242 5026 1869 5113; baseline -0.001 -21"><span class='ocrx_word' id='word_1_760' title='bbox 242 5035 330 5094; x_wconf 82' lang='lat' dir='ltr'>oculis</span> <span class='ocrx_word' id='word_1_761' title='bbox 347 5035 409 5092; x_wconf 81' lang='lat' dir='ltr'>ndei</span> <span class='ocrx_word' id='word_1_762' title='bbox 430 5037 456 5090; x_wconf 93' lang='lat' dir='ltr'>id</span> <span class='ocrx_word' id='word_1_763' title='bbox 468 5034 525 5103; x_wconf 78' lang='lat' dir='ltr'>jam</span> <span class='ocrx_word' id='word_1_764' title='bbox 539 5036 645 5091; x_wconf 84' lang='lat' dir='ltr'>videtur</span> <span class='ocrx_word' id='word_1_765' title='bbox 659 5034 686 5090; x_wconf 89' lang='lat' dir='ltr'>iu</span> <span class='ocrx_word' id='word_1_766' title='bbox 709 5032 810 5096; x_wconf 82' lang='lat' dir='ltr'>limine.</span> <span class='ocrx_word' id='word_1_767' title='bbox 825 5032 897 5102; x_wconf 85' lang='lat' dir='ltr'>quod</span> <span class='ocrx_word' id='word_1_768' title='bbox 912 5031 1028 5087; x_wconf 90' lang='lat' dir='ltr'>inlldcli·</span> <span class='ocrx_word' id='word_1_769' title='bbox 1077 5034 1149 5113; x_wconf 64' lang='grc' dir='ltr'>ιιιιιι.</span> <span class='ocrx_word' id='word_1_770' title='bbox 1175 5035 1203 5081; x_wconf 74' lang='lat' dir='ltr'>ei</span> <span class='ocrx_word' id='word_1_771' title='bbox 1219 5026 1346 5097; x_wconf 63' lang='lat' dir='ltr'>anillitus</span> <span class='ocrx_word' id='word_1_772' title='bbox 1369 5028 1472 5085; x_wconf 91' lang='lat' dir='ltr'>dierum</span> <span class='ocrx_word' id='word_1_773' title='bbox 1491 5032 1572 5096; x_wconf 68' lang='lat' dir='ltr'>tedii,</span> <span class='ocrx_word' id='word_1_774' title='bbox 1587 5034 1779 5088; x_wconf 81' lang='lat' dir='ltr'>vestimentum</span> <span class='ocrx_word' id='word_1_775' title='bbox 1803 5035 1869 5106; x_wconf 74' lang='lat' dir='ltr'>ejus</span> 
     </span>
     <span class='ocr_line' id='line_1_55' title="bbox 224 5117 1867 5194; baseline -0.002 -12"><span class='ocrx_word' id='word_1_776' title='bbox 224 5149 227 5153; x_wconf 94' lang='lat'>·</span> <span class='ocrx_word' id='word_1_777' title='bbox 242 5128 295 5183; x_wconf 78' lang='lat' dir='ltr'>lius</span> <span class='ocrx_word' id='word_1_778' title='bbox 309 5132 339 5180; x_wconf 90' lang='lat' dir='ltr'>et</span> <span class='ocrx_word' id='word_1_779' title='bbox 351 5125 430 5181; x_wconf 74' lang='lat' dir='ltr'>cecis</span> <span class='ocrx_word' id='word_1_780' title='bbox 453 5124 534 5179; x_wconf 88' lang='lat' dir='ltr'>corde</span> <span class='ocrx_word' id='word_1_781' title='bbox 552 5132 662 5192; x_wconf 84' lang='lat' dir='ltr'>putatur</span> <span class='ocrx_word' id='word_1_782' title='bbox 682 5120 776 5194; x_wconf 89' lang='lat' dir='ltr'>procul</span> <span class='ocrx_word' id='word_1_783' title='bbox 799 5123 894 5178; x_wconf 83' lang='lat' dir='ltr'>abesse</span> <span class='ocrx_word' id='word_1_784' title='bbox 915 5129 966 5177; x_wconf 87' lang='lat' dir='ltr'>:ct</span> <span class='ocrx_word' id='word_1_785' title='bbox 981 5121 1026 5175; x_wconf 90' lang='lat' dir='ltr'>isti</span> <span class='ocrx_word' id='word_1_786' title='bbox 1077 5118 1153 5185; x_wconf 72' lang='lat' dir='ltr'>criasi</span> <span class='ocrx_word' id='word_1_787' title='bbox 1167 5117 1213 5172; x_wconf 82' lang='lat' dir='ltr'>uis</span> <span class='ocrx_word' id='word_1_788' title='bbox 1225 5118 1379 5185; x_wconf 82' lang='lat' dir='ltr'>candidum,</span> <span class='ocrx_word' id='word_1_789' title='bbox 1392 5129 1419 5175; x_wconf 83' lang='lat' dir='ltr'>et</span> <span class='ocrx_word' id='word_1_790' title='bbox 1433 5121 1522 5191; x_wconf 84' lang='lat' dir='ltr'>capilli</span> <span class='ocrx_word' id='word_1_791' title='bbox 1537 5123 1595 5188; x_wconf 78' lang='lat' dir='ltr'>ejus</span> <span class='ocrx_word' id='word_1_792' title='bbox 1614 5123 1692 5192; x_wconf 80' lang='lat' dir='ltr'>quasi</span> <span class='ocrx_word' id='word_1_793' title='bbox 1706 5122 1766 5177; x_wconf 83' lang='lat' dir='ltr'>iana</span> <span class='ocrx_word' id='word_1_794' title='bbox 1780 5137 1867 5179; x_wconf 89' lang='lat' dir='ltr'>mun·</span> 
     </span>
     <span class='ocr_line' id='line_1_56' title="bbox 238 5207 1870 5293; baseline -0.001 -24"><span class='ocrx_word' id='word_1_795' title='bbox 238 5216 295 5287; x_wconf 80' lang='lat' dir='ltr'>jani</span> <span class='ocrx_word' id='word_1_796' title='bbox 308 5213 487 5270; x_wconf 84' lang='lat' dir='ltr'>tribunalibus</span> <span class='ocrx_word' id='word_1_797' title='bbox 499 5214 597 5284; x_wconf 78' lang='lat' dir='ltr'>iudicis</span> <span class='ocrx_word' id='word_1_798' title='bbox 609 5213 806 5284; x_wconf 81' lang='lat' dir='ltr'>quodammodo</span> <span class='ocrx_word' id='word_1_799' title='bbox 821 5220 966 5267; x_wconf 78' lang='lat' dir='ltr'>trementes</span> <span class='ocrx_word' id='word_1_800' title='bbox 982 5226 1028 5266; x_wconf 88' lang='lat' dir='ltr'>as·</span> <span class='ocrx_word' id='word_1_801' title='bbox 1080 5209 1131 5275; x_wconf 87' lang='lat' dir='ltr'>da;</span> <span class='ocrx_word' id='word_1_802' title='bbox 1151 5209 1267 5265; x_wconf 85' lang='lat' dir='ltr'>tlrrouns</span> <span class='ocrx_word' id='word_1_803' title='bbox 1288 5207 1346 5278; x_wconf 85' lang='lat' dir='ltr'>ejus</span> <span class='ocrx_word' id='word_1_804' title='bbox 1359 5209 1465 5266; x_wconf 85' lang='lat' dir='ltr'>hamma</span> <span class='ocrx_word' id='word_1_805' title='bbox 1481 5213 1559 5293; x_wconf 73' lang='lat' dir='ltr'>ignis,</span> <span class='ocrx_word' id='word_1_806' title='bbox 1574 5221 1639 5267; x_wconf 83' lang='lat' dir='ltr'>rotae</span> <span class='ocrx_word' id='word_1_807' title='bbox 1652 5212 1710 5282; x_wconf 84' lang='lat' dir='ltr'>ejus</span> <span class='ocrx_word' id='word_1_808' title='bbox 1732 5213 1805 5283; x_wconf 71' lang='lat' dir='ltr'>ignis</span> <span class='ocrx_word' id='word_1_809' title='bbox 1816 5228 1870 5269; x_wconf 83' lang='lat' dir='ltr'>ac·</span> 
     </span>
    </p>
   </div>
   <div class='ocr_carea' id='block_1_5' title="bbox 240 5297 1976 5465">
    <p class='ocr_par' dir='ltr' id='par_1_5' title="bbox 240 5297 1976 5465">
     <span class='ocr_line' id='line_1_57' title="bbox 240 5297 1976 5374; baseline -0.002 -14"><span class='ocrx_word' id='word_1_810' title='bbox 240 5306 348 5367; x_wconf 86' lang='lat' dir='ltr'>sistunt.</span> <span class='ocrx_word' id='word_1_811' title='bbox 359 5318 438 5373; x_wconf 88' lang='lat' dir='ltr'>quem</span> <span class='ocrx_word' id='word_1_812' title='bbox 454 5302 492 5357; x_wconf 90' lang='lat' dir='ltr'>illi</span> <span class='ocrx_word' id='word_1_813' title='bbox 504 5318 552 5374; x_wconf 83' lang='lat' dir='ltr'>per</span> <span class='ocrx_word' id='word_1_814' title='bbox 566 5302 700 5358; x_wconf 82' lang='lat' dir='ltr'>diuturnae</span> <span class='ocrx_word' id='word_1_815' title='bbox 713 5300 917 5373; x_wconf 81' lang='lat' dir='ltr'>longinquitatis</span> <span class='ocrx_word' id='word_1_816' title='bbox 929 5302 1026 5357; x_wconf 89' lang='lat' dir='ltr'>abscu·</span> <span class='ocrx_word' id='word_1_817' title='bbox 1079 5314 1189 5366; x_wconf 59' lang='lat' dir='ltr'>censum</span> <span class='ocrx_word' id='word_1_818' title='bbox 1216 5297 1313 5355; x_wconf 90' lang='lat' dir='ltr'>iiuvius</span> <span class='ocrx_word' id='word_1_819' title='bbox 1333 5300 1428 5370; x_wconf 78' lang='lat' dir='ltr'>ignens</span> <span class='ocrx_word' id='word_1_820' title='bbox 1458 5302 1618 5372; x_wconf 81' lang='lat' dir='ltr'>rapidusque</span> <span class='ocrx_word' id='word_1_821' title='bbox 1642 5302 1869 5372; x_wconf 72' lang='lat' dir='ltr'>egredicbatura</span> <span class='ocrx_word' id='word_1_822' title='bbox 1975 5298 1976 5337; x_wconf 71' lang='lat' dir='ltr'>l</span> 
     </span>
     <span class='ocr_line' id='line_1_58' title="bbox 241 5389 1976 5465; baseline -0.001 -17"><span class='ocrx_word' id='word_1_823' title='bbox 241 5397 306 5449; x_wconf 87' lang='lat' dir='ltr'>tiam</span> <span class='ocrx_word' id='word_1_824' title='bbox 320 5393 526 5465; x_wconf 85' lang='lat' dir='ltr'>parvipendunt.</span> <span class='ocrx_word' id='word_1_825' title='bbox 543 5395 580 5450; x_wconf 85' lang='lat' dir='ltr'>be</span> <span class='ocrx_word' id='word_1_826' title='bbox 593 5395 647 5450; x_wconf 89' lang='lat' dir='ltr'>hoc</span> <span class='ocrx_word' id='word_1_827' title='bbox 662 5393 763 5450; x_wconf 74' lang='lat' dir='ltr'>uitiante</span> <span class='ocrx_word' id='word_1_828' title='bbox 778 5401 806 5449; x_wconf 92' lang='lat' dir='ltr'>et</span> <span class='ocrx_word' id='word_1_829' title='bbox 820 5392 1026 5449; x_wconf 82' lang='lat' dir='ltr'>irremediabilis</span> <span class='ocrx_word' id='word_1_830' title='bbox 1079 5392 1147 5446; x_wconf 74' lang='lat' dir='ltr'>heic</span> <span class='ocrx_word' id='word_1_831' title='bbox 1160 5389 1220 5458; x_wconf 73' lang='lat' dir='ltr'>eins</span> <span class='ocrx_word' id='word_1_832' title='bbox 1239 5389 1320 5460; x_wconf 83' lang='lat' dir='ltr'>(Dan.</span> <span class='ocrx_word' id='word_1_833' title='bbox 1336 5390 1396 5461; x_wconf 85' lang='lat' dir='ltr'>vti).</span> <span class='ocrx_word' id='word_1_834' title='bbox 1414 5412 1424 5443; x_wconf 79' lang='lat' dir='ltr'>r</span> <span class='ocrx_word' id='word_1_835' title='bbox 1445 5392 1479 5446; x_wconf 82' lang='lat' dir='ltr'>lit</span> <span class='ocrx_word' id='word_1_836' title='bbox 1492 5392 1570 5461; x_wconf 72' lang='lat' dir='ltr'>pratulo</span> <span class='ocrx_word' id='word_1_837' title='bbox 1585 5400 1646 5460; x_wconf 87' lang='lat' dir='ltr'>post</span> <span class='ocrx_word' id='word_1_838' title='bbox 1662 5409 1669 5444; x_wconf 92' lang='lat'><strong>:</strong></span> <span class='ocrx_word' id='word_1_839' title='bbox 1689 5410 1699 5444; x_wconf 87' lang='grc' dir='ltr'>ι</span> <span class='ocrx_word' id='word_1_840' title='bbox 1724 5390 1870 5449; x_wconf 76' lang='lat' dir='ltr'>iudicium</span> <span class='ocrx_word' id='word_1_841' title='bbox 1975 5400 1976 5419; x_wconf 67' lang='lat'>¹</span> 
     </span>
    </p>
   </div>
   <div class='ocr_carea' id='block_1_6' title="bbox 241 5477 1869 5553">
    <p class='ocr_par' dir='ltr' id='par_1_6' title="bbox 241 5477 1869 5553">
     <span class='ocr_line' id='line_1_59' title="bbox 241 5477 1869 5553; baseline 0.002 -20"><span class='ocrx_word' id='word_1_842' title='bbox 241 5482 410 5549; x_wconf 78' lang='lat' dir='ltr'>tuccessitatis</span> <span class='ocrx_word' id='word_1_843' title='bbox 430 5483 475 5539; x_wconf 91' lang='lat' dir='ltr'>die</span> <span class='ocrx_word' id='word_1_844' title='bbox 499 5492 668 5553; x_wconf 65' lang='lat' dir='ltr'>praeconator</span> <span class='ocrx_word' id='word_1_845' title='bbox 687 5481 785 5545; x_wconf 81' lang='lat' dir='ltr'>lenias,</span> <span class='ocrx_word' id='word_1_846' title='bbox 805 5479 915 5535; x_wconf 86' lang='lat' dir='ltr'>dicens:</span> <span class='ocrx_word' id='word_1_847' title='bbox 930 5499 939 5530; x_wconf 81' lang='lat' dir='ltr'>r</span> <span class='ocrx_word' id='word_1_848' title='bbox 955 5479 1027 5537; x_wconf 74' lang='lat' dir='ltr'>Eece</span> <span class='ocrx_word' id='word_1_849' title='bbox 1077 5480 1193 5543; x_wconf 67' lang='lat' dir='ltr'>sodinet</span> <span class='ocrx_word' id='word_1_850' title='bbox 1207 5477 1268 5535; x_wconf 89' lang='lat' dir='ltr'>libri</span> <span class='ocrx_word' id='word_1_851' title='bbox 1280 5482 1365 5551; x_wconf 88' lang='lat' dir='ltr'>aperti</span> <span class='ocrx_word' id='word_1_852' title='bbox 1378 5486 1440 5537; x_wconf 77' lang='lat' dir='ltr'>sunit</span> <span class='ocrx_word' id='word_1_853' title='bbox 1454 5482 1558 5553; x_wconf 66' lang='lat' dir='ltr'>(iiten.</span> <span class='ocrx_word' id='word_1_854' title='bbox 1569 5503 1579 5535; x_wconf 77' lang='lat' dir='ltr'>r</span> <span class='ocrx_word' id='word_1_855' title='bbox 1589 5482 1640 5549; x_wconf 80' lang='lat' dir='ltr'>Qui</span> <span class='ocrx_word' id='word_1_856' title='bbox 1652 5481 1869 5548; x_wconf 72' lang='lat' dir='ltr'>rririiirnmhhm,</span> 
     </span>
    </p>
   </div>
   <div class='ocr_carea' id='block_1_7' title="bbox 243 5567 1976 5643">
    <p class='ocr_par' dir='ltr' id='par_1_7' title="bbox 243 5567 1976 5643">
     <span class='ocr_line' id='line_1_60' title="bbox 243 5567 1976 5643; baseline 0.002 -20"><span class='ocrx_word' id='word_1_857' title='bbox 243 5569 301 5623; x_wconf 77' lang='lat' dir='ltr'>dies</span> <span class='ocrx_word' id='word_1_858' title='bbox 316 5569 422 5626; x_wconf 78' lang='lat' dir='ltr'>Deniim</span> <span class='ocrx_word' id='word_1_859' title='bbox 438 5572 511 5629; x_wconf 86' lang='lat' dir='ltr'>veuit</span> <span class='ocrx_word' id='word_1_860' title='bbox 526 5571 653 5638; x_wconf 85' lang='lat' dir='ltr'>erudelis,</span> <span class='ocrx_word' id='word_1_861' title='bbox 672 5580 700 5626; x_wconf 91' lang='lat' dir='ltr'>ct</span> <span class='ocrx_word' id='word_1_862' title='bbox 714 5568 895 5641; x_wconf 71' lang='lat' dir='ltr'>indignatione</span> <span class='ocrx_word' id='word_1_863' title='bbox 919 5569 1023 5638; x_wconf 85' lang='lat' dir='ltr'>plenus.</span> <span class='ocrx_word' id='word_1_864' title='bbox 1078 5570 1128 5642; x_wconf 77' lang='lat' dir='ltr'>ipsi</span> <span class='ocrx_word' id='word_1_865' title='bbox 1144 5567 1308 5639; x_wconf 76' lang='lat' dir='ltr'>inzclligcmli</span> <span class='ocrx_word' id='word_1_866' title='bbox 1332 5581 1393 5626; x_wconf 86' lang='lat' dir='ltr'>sunt</span> <span class='ocrx_word' id='word_1_867' title='bbox 1408 5572 1507 5637; x_wconf 69' lang='lat' dir='ltr'>sanni,</span> <span class='ocrx_word' id='word_1_868' title='bbox 1522 5586 1636 5642; x_wconf 75' lang='lat' dir='ltr'>purorum</span> <span class='ocrx_word' id='word_1_869' title='bbox 1651 5587 1721 5628; x_wconf 91' lang='lat' dir='ltr'>nunc</span> <span class='ocrx_word' id='word_1_870' title='bbox 1735 5572 1873 5628; x_wconf 82' lang='lat' dir='ltr'>meritum</span> <span class='ocrx_word' id='word_1_871' title='bbox 1975 5632 1976 5643; x_wconf 25' lang='lat'>2</span> 
     </span>
    </p>
   </div>
   <div class='ocr_carea' id='block_1_8' title="bbox 0 0 2014 6192">
    <p class='ocr_par' dir='ltr' id='par_1_8' title="bbox 0 0 2014 6192">
     <span class='ocr_line' id='line_1_61' title="bbox 0 0 2014 6192; baseline 0 1"><span class='ocrx_word' id='word_1_872' title='bbox 0 0 2014 6192; x_wconf 95' lang='lat' dir='ltr'> </span> 
     </span>
    </p>
   </div>
  </div>
 </body>
</html>
