4017 6192
222 299 275 362 aas
642 284 763 357 tenir(
776 302 822 357 ao
840 298 923 359 rost.
942 299 975 358 te
993 297 1068 357 oro.
1090 297 1121 354 s.
1141 296 1243 355 earet
1263 296 1414 354 esmant.
1808 301 1861 359 atr

220 398 345 481 'laborem
359 414 441 488 buius
452 415 643 487 descriptionis
658 418 744 492 stylus
757 434 873 477 exarare
896 419 1019 486 festinat,
1032 419 1059 480 Α
1071 416 1157 473 nestri
1179 417 1311 471 adrentus
1331 430 1425 471 rumor
1442 415 1647 482 ntonacberum,
1662 417 1708 489 qui
1724 434 1860 477 uternam

222 510 326 567 laberis
338 507 438 567 intuite
453 507 517 563 talia
530 508 650 563 scribere
663 509 775 565 devitat.
1068 507 1139 563 rium
1157 506 1334 572 infestabant,
1352 509 1434 563 cerda
1447 519 1622 564 concusserat
1637 519 1666 566 et
1681 527 1729 568 eos
1744 513 1862 570 circem·

434 615 468 655 ort
483 614 662 656 aeaerrceust
681 615 795 656 tamne.
866 662 868 665 ¹
1067 612 1175 669 quaque
1187 613 1237 668 per
1249 584 1405 655 diverticula
1420 596 1523 655 iecerat
1535 598 1653 657 latitare.
1669 602 1723 658 Sed
1741 618 1815 673 mex,
1830 614 1862 661 nt

191 727 196 737 ·
257 692 302 748 ll.
315 690 344 748 ln
359 689 547 748 lemovicensi
559 706 677 763 namque
690 692 801 748 civitate
815 691 930 758 celebre,
938 692 1018 748 dcre-
1066 689 1200 754 venimus,
1217 687 1270 744 illis
1287 688 1385 745 litterae
1396 689 1567 744 destinantur
1580 701 1714 761 quatenus
1731 691 1859 751 Romana

221 785 357 843 tissimum
376 793 458 856 atque
479 785 645 842 ditissimum
669 786 696 842 in
716 787 820 845 honore
837 787 924 842 saneti
942 785 1016 842 liar·
1066 781 1139 836 sedis
1153 780 1241 853 legate
1255 794 1285 837 sc
1297 789 1525 852 repraesentarent
1535 791 1565 838 et
1577 781 1767 854 allegationem
1780 784 1860 854 bajus

221 876 294 934 tialia
308 878 444 950 quoddam
459 885 503 933 est
515 874 723 946 monasterium,
739 879 810 949 quod
828 876 1016 936 cluniacensis
1066 871 1178 940 negotii,
1192 871 1214 925 εἰ
1225 868 1326 938 iuriam
1341 877 1494 940 silentem.
1508 871 1568 926 sine
1582 870 1697 940 alicuius
1711 875 1860 929 wulfade·

221 968 307 1025 abbas
320 969 427 1024 naviter
445 967 625 1036 acquisieram
647 968 693 1023 sed
712 968 774 1040 qnia
792 966 864 1023 illins
885 966 936 1022 loci
955 980 1015 1021 me·
1066 961 1130 1016 tatis
1152 961 1307 1031 suspicione
1325 958 1439 1028 justitiae
1462 960 1568 1017 ratione
1580 960 1771 1029 deiendcreet;
1794 963 1861 1020 alie-

220 1056 301 1113 neubi
316 1055 368 1112 sibi
387 1072 441 1111 nen
458 1055 691 1126 obtemperabant,
712 1056 830 1111 maxima
854 1056 881 1112 in
897 1071 931 1112 ee
949 1064 1015 1113 tunc
1064 1051 1130 1121 quin
1154 1051 1205 1107 sub
1229 1051 1343 1121 imperio
1366 1052 1473 1106 abbatis
1498 1052 1626 1122 deinceps
1648 1053 1783 1109 virerent
1805 1055 1860 1112 sed

221 1146 351 1216 temporis
363 1145 499 1202 discordia
512 1144 681 1200 versabatur.
696 1144 781 1216 liujus
794 1160 912 1217 eantque
924 1134 1015 1216 acqui*-
1063 1142 1128 1213 qdia
1144 1142 1265 1213 pristinae
1276 1141 1403 1197 lactienis
1414 1143 1517 1198 verrutis
1529 1157 1623 1198 eorum
1641 1143 1746 1199 uiscera
1763 1160 1860 1202 cerre-

219 1236 327 1294 sitienis
337 1236 447 1303 intuitu,
461 1244 490 1291 et
504 1234 625 1307 ejusdem
637 1234 742 1291 abbatis
755 1234 827 1300 odie,
841 1243 922 1306 prout
934 1241 1014 1289 crant
1064 1230 1161 1297 debat,
1184 1239 1212 1285 ct
1227 1231 1433 1287 cluniacensem
1455 1232 1578 1288 urtlitrem
1598 1234 1709 1289 omriine
1720 1237 1860 1307 suscipere

219 1330 364 1387 saeculares
386 1327 523 1394 monaclti,
546 1343 561 1383 a
582 1327 747 1384 monasterie
771 1328 939 1392 recedentes,
964 1339 1015 1397 per
1063 1320 1222 1388 renuebant,
1238 1321 1272 1375 ad
1289 1321 1478 1377 denuntiatum
1491 1322 1663 1378 ratiocinium
1677 1325 1769 1380 uenire
1783 1340 1860 1395 spre-

218 1417 277 1488 ejus
296 1418 406 1475 cellulas
425 1418 556 1489 hospitari
581 1425 737 1488 coeperunt,
764 1426 792 1473 et
815 1415 1012 1472 monasterium
1063 1421 1175 1477 uerunt,
1195 1412 1269 1467 illem
1285 1412 1338 1468 sibi
1358 1428 1476 1485 preesse
1490 1414 1616 1470 abbatem
1642 1415 1750 1485 peeitus
1772 1417 1859 1474 inter·

217 1508 353 1564 hostiliter
366 1507 561 1579 impugnabant
578 1515 607 1562 et
623 1506 828 1572 monachornm,
843 1504 962 1577 quesibi
979 1504 1014 1559 de
1063 1498 1199 1556 dixerunt.
1222 1500 1298 1556 Tutrc
1317 1500 1390 1557 illius
1412 1502 1531 1558 ciuitatis
1552 1503 1680 1574 episcopo
1703 1506 1860 1577 comiteque

218 1598 347 1654 murniaco
368 1605 508 1668 posucrat,
523 1596 683 1663 sanguinem
697 1596 835 1648 sitiebant.
848 1594 889 1648 lte
909 1601 1011 1649 mirram
1062 1589 1196 1656 consulte,
1209 1591 1243 1646 ad
1257 1590 1337 1663 bujus
1350 1591 1515 1649 delinitionis
1527 1591 1659 1648 calculum
1675 1595 1781 1649 resista
1798 1611 1858 1666 per-

218 1698 444 1757 quoquercsanae
459 1684 558 1739 neentis
579 1683 718 1739 audaciam
737 1684 862 1740 monachi
878 1684 928 1755 ipsi
948 1700 1012 1755 pro·
1062 1681 1188 1736 trabitur.
1201 1679 1230 1736 ln
1241 1680 1321 1750 hujus
1330 1696 1446 1752 uanique
1456 1683 1627 1754 episcopatus
1637 1683 1762 1752 eeclesia,
1774 1700 1858 1755 quana
1917 1729 1930 1743 .

217 1784 359 1848 ruperant,
373 1786 402 1831 ut
416 1775 543 1848 burgum,
553 1775 581 1831 iu
594 1789 651 1845 que
664 1776 857 1831 nmrrasterium
871 1783 924 1842 est,
943 1791 1011 1833 cen·
1024 1766 1050 1829 B
1062 1770 1158 1826 deteta
1169 1768 1320 1842 frequentia
1332 1771 1491 1842 populorum
1503 1772 1665 1843 repleverat,
1674 1772 1780 1830 illerum
1791 1792 1859 1833 cee-

217 1873 383 1931 crcmarcnt,
397 1873 425 1921 et
448 1873 558 1932 cerreta,
573 1879 633 1935 quae
647 1865 721 1921 circa
735 1866 929 1921 monesterium
949 1863 1011 1921 iue-
1062 1869 1196 1916 muraeem
1209 1861 1359 1917 absentiam
1374 1876 1466 1917 ceram
1479 1863 1605 1919 omnibus
1619 1863 1718 1935 praesul
1731 1864 1783 1921 iste
1793 1881 1861 1922 aar·

216 1962 290 2018 rant,
306 1952 413 2026 ignibus
425 1954 609 2020 devastarent,
622 1963 652 2009 et
665 1953 716 2010 uisi
728 1951 849 2010 Romana
863 1954 1012 2010 aucteritas
1062 1961 1169 2027 raserat
1183 1951 1300 2022 qualiter
1312 1952 1467 2024 apostelicae
1481 1954 1553 2010 sedis
1570 1953 1660 2026 legato
1675 1957 1857 2016 reverentiam

216 2046 392 2102 interueniret
412 2053 440 2101 et
460 2060 494 2101 ex
517 2044 665 2118 apostolica
694 2047 759 2102 sede
781 2046 929 2102 reverende
958 2045 1011 2101 sibi
1061 2050 1089 2097 ιι
1113 2040 1203 2098 abbati
1226 2042 1345 2098 debitam
1371 2042 1553 2099 obedientiam
1581 2045 1753 2101 recusabant.
1777 2043 1857 2105 reae

216 2150 332 2209 persona
353 2145 537 2205 succurreret,
562 2135 706 2192 uidebatur
730 2135 806 2193 locus
829 2136 1010 2208 pessumdari.
1061 2130 1208 2203 apostolica
1222 2132 1392 2197 auctoritate,
1413 2131 1513 2203 li⁰llttl⁰
1527 2133 1707 2203 &illaudatum
1727 2136 1858 2210 praeoepit

217 2226 288 2295 eure
298 2242 380 2299 super
392 2225 445 2283 hee
454 2226 562 2298 negotio
575 2227 659 2283 abbas
672 2225 775 2284 laceret
789 2227 941 2301 ignorabat,
955 2242 1010 2300 que
1054 2231 1092 2278 et
1103 2223 1156 2278 nisi
1169 2222 1213 2278 illa
1226 2222 1334 2279 hostilis
1344 2223 1457 2279 audacia
1469 2238 1486 2279 a
1500 2226 1658 2282 monasterii
1671 2235 1698 2281 ct
1709 2229 1858 2285 morracio·

214 2335 245 2375 se
265 2326 385 2375 verteret
409 2318 558 2385 nesciebat,
582 2317 662 2387 buius
676 2319 783 2375 itineris
805 2320 911 2391 pondus
929 2320 1010 2376 nebia
1060 2329 1121 2368 rum
1135 2312 1245 2369 lesione
1256 2322 1392 2380 ῡθιδιιθῑ,
1406 2315 1682 2372 θῐῦῦιιιῐιιιιιιὶιιῑίοιιί
1695 2316 1791 2388 procul
1805 2318 1857 2375 dtr-

214 2421 360 2479 suggerere
372 2407 559 2463 verecundans
571 2406 692 2471 timebat,
705 2422 815 2464 causant
826 2408 920 2480 pertici
929 2408 1011 2465 aliter
1059 2402 1105 2460 bio
1116 2403 1298 2475 subjacerent.
1311 2405 1399 2477 Super
1412 2406 1464 2463 bec
1477 2421 1541 2462 tero
1552 2408 1624 2479 quod
1635 2407 1727 2465 abbati
1741 2408 1856 2468 obedire

214 2510 295 2568 pesse
317 2496 429 2552 minime
449 2498 587 2565 sacrabat.
603 2497 723 2554 Tandem
747 2498 836 2569 erupit
858 2501 887 2555 ia
913 2515 1008 2557 recem
1059 2496 1202 2562 nolebant,
1215 2497 1382 2553 dedaititam
1406 2498 1511 2554 distulit
1530 2497 1656 2574 prolerre
1678 2501 1853 2559 senteutiam.

216 2588 288 2657 qued
302 2587 425 2644 scatebat
440 2587 468 2644 in
482 2598 584 2654 mente,
597 2597 625 2645 et
638 2604 692 2660 qno
705 2588 751 2645 ille
769 2589 893 2646 doluerat
905 2596 935 2646 ut
947 2605 1008 2647 me·
1058 2586 1112 2642 lste
1129 2586 1211 2657 igitur
1232 2587 1340 2658 uegetio
1361 2585 1452 2642 taliter
1472 2587 1584 2645 deiltdto
1596 2596 1625 2645 ct
1640 2589 1807 2647 nionasterio
1823 2591 1854 2648 iu

213 2678 353 2759 diceretur
369 2678 468 2735 oravit.
489 2679 546 2735 lloc
560 2679 619 2750 ipsc
635 2679 720 2736 abbas
737 2681 861 2752 rogabat,
883 2681 936 2737 boc
951 2688 1008 2737 tota
1057 2675 1255 2748 tranquillitate
1276 2677 1333 2747 iam
1357 2677 1464 2750 posite,
1491 2694 1526 2735 uc
1548 2694 1565 2735 a
1588 2679 1687 2737 divine
1710 2683 1853 2740 seruitutis

215 2770 391 2841 congregatio
406 2769 533 2842 precibus
546 2769 695 2843 flagitabat.
1057 2766 1145 2824 edlcio
1157 2780 1221 2839 pars
1235 2768 1321 2824 uestri
1341 2767 1449 2826 itineris
1462 2768 1554 2848 aliqua
1570 2780 1696 2840 vacaret,
1712 2775 1851 2831 redeunde

249 2862 294 2919 lt.
313 2861 390 2919 ‘lunc
410 2869 503 2918 noster
513 2859 647 2918 (latiensis
659 2860 802 2933 episeopus
815 2861 948 2919 buecsi'oi
964 2860 1006 2917 la·
1057 2857 1181 2913 senimus
1198 2855 1392 2914 silvaniacum.

212 2952 308 3007 ”⁰¹²¹ss
334 2950 556 3023 ⁸¹1lilim!ionem
581 2946 719 3022 l¹²¹ss¹¹¹¹¹¹n
746 2951 881 3008 limbi
905 2961 934 3007 ⁰¹
961 2946 1005 3007 *¹⁴¹
1084 2986 1118 3028 ns
1136 2987 1351 3029 consentientem
1370 2986 1514 3039 occussis,
1533 2990 1569 3030 cr
1588 2990 1682 3033 saecat
1702 2991 1825 3036 eotuoata

212 3054 302 3117 posse
314 3039 445 3111 perlicere
463 3038 588 3095 eredidit.
609 3038 664 3094 Sed
686 3038 749 3110 quia
773 3055 825 3111 pre
846 3041 934 3097 salute
946 3038 1006 3110 ejus
1298 3057 1418 3099 censore
1436 3059 1610 3102 cosaerare.

214 3131 371 3191 monasterii
383 3139 505 3199 venerat,
519 3130 600 3187 citius
611 3130 757 3202 acquievit,
770 3142 798 3188 ιι
809 3133 837 3188 iu
851 3133 908 3190 suis
920 3138 1041 3203 manac
1092 3132 1136 3189 le.
1156 3130 1325 3191 silvaniacus
1351 3148 1448 3205 nempe
1474 3135 1670 3192 mercationum
1696 3136 1851 3209 frequentia

213 3223 270 3281 bris
289 3224 503 3295 circumquaque
521 3221 617 3293 positis
639 3221 691 3293 ipsi
714 3221 839 3279 auxiliari
861 3222 1004 3295 disposuit.
1056 3224 1132 3282 dites
1154 3234 1183 3281 et
1208 3225 1283 3281 iocus
1304 3234 1348 3282 est
1370 3224 1583 3295 tamosissimus,
1606 3239 1764 3289 sauctorum
1785 3246 1852 3291 rare

213 3315 266 3373 Sed
289 3324 352 3372 aete
374 3314 459 3386 ipsius
481 3313 658 3385 protectionis
678 3312 796 3380 initium,
817 3315 923 3372 cunctis
941 3331 1005 3372 curra
1055 3317 1214 3388 corporibus
1228 3316 1305 3372 ualde
1319 3316 1521 3374 devotissimus.
1534 3317 1676 3386 Queddem
1689 3336 1808 3394 eamque
1821 3322 1853 3381 ‘aa

100 3431 104 3438 ·
210 3407 342 3464 iratribus
363 3406 390 3463 in
403 3405 522 3477 capitulo
535 3405 668 3469 residens,
683 3415 943 3475 peractetcrmene,
961 3415 1004 3461 te·
1053 3415 1287 3462 eaeenstructute
1307 3416 1349 3463 est
1364 3408 1568 3476 irrenaaterium,
1592 3409 1620 3466 ie
1640 3425 1694 3482 que
1708 3411 1852 3470 bmtemn

211 3508 255 3554 tua
274 3498 302 3554 le
321 3507 392 3554 terra
412 3496 607 3567 prosternitur,
629 3506 657 3554 et
677 3508 708 3553 ut
727 3498 779 3554 sibi
795 3498 1003 3566 auxiliarentur,
1054 3498 1155 3556 Christi
1175 3490 1363 3557 contessor'um
1382 3500 1471 3556 blaioli
1489 3501 1595 3559 scilicet
1610 3511 1638 3560 et
1654 3502 1778 3561 odilonis
1789 3519 1852 3563 cer·

118 3636 121 3643 ,
210 3587 304 3643 multia
332 3587 474 3660 requisivit
502 3586 639 3658 precibus,
667 3603 851 3661 gyrovagum,
879 3590 1003 3648 sarabai·
1054 3606 1120 3662 pera
1134 3590 1340 3662 conquiescunt.
1358 3591 1436 3660 ered
1450 3594 1559 3665 quidem
1577 3596 1774 3652 monasterium
1792 3597 1851 3668 epi·

211 3686 267 3734 tam
280 3677 337 3750 (59)
351 3687 389 3744 et,
402 3687 434 3733 ut
445 3686 634 3744 consueuerat,
649 3693 679 3734 se
699 3679 827 3736 miserum
840 3682 1003 3738 monachum
1054 3677 1156 3751 seopeli
1175 3679 1264 3734 adbuc
1280 3679 1468 3755 benedictione
1483 3682 1596 3739 minime
1609 3682 1642 3738 ad
1655 3682 1766 3755 plenum
1783 3700 1850 3743 oea-

210 3767 379 3824 elanaitebat.
391 3766 466 3823 luter
480 3768 538 3843 haec
551 3775 623 3822 tanta
638 3768 688 3839 ipsi
701 3768 808 3826 caelites
821 3770 1003 3844 lacrymarum
1054 3767 1191 3823 ssrtllalttttt
1208 3764 1309 3824 luerat.
1332 3767 1442 3825 interim
1459 3770 1596 3842 synodalia
1611 3772 1743 3829 tessulinus
1759 3773 1850 3830 immi·

211 3858 341 3916 tribuitur
361 3859 449 3931 copie,
470 3858 543 3931 quod
563 3873 660 3916 ournes
676 3875 693 3915 a
712 3860 795 3918 iurtde
809 3862 901 3919 cordis
922 3863 1002 3937 lunga
1054 3859 1145 3915 nebat.
1172 3856 1249 3915 'lunc
1273 3859 1366 3916 multia
1391 3860 1635 3919 interuenientibus
1660 3864 1798 3935 episeopis
1820 3875 1850 3921 et

210 3958 320 4007 traxere
336 3950 465 4019 suspiria,
481 3959 510 4006 et
528 3951 715 4023 unusquisque
732 3951 841 4009 sibimet
857 3955 1003 4026 displiceas
1054 3950 1244 4007 innumerabili
1276 3951 1436 4022 populorum
1463 3950 1636 4025 frequentia,
1661 3971 1760 4026 magua
1785 3971 1849 4013 cem

209 4041 250 4097 aie
269 4040 476 4112 proclamabat:
496 4040 603 4100 otone
616 4041 690 4111 teau,
708 4043 731 4099 st
751 4043 831 4101 borno
846 4044 907 4113 isra,
921 4060 1002 4118 quem
1053 4041 1228 4098 reiteratione
1249 4041 1364 4100 ecclesia
1385 4052 1560 4110 consecrata,
1581 4053 1610 4102 ιι
1633 4045 1705 4102 beati
1726 4045 1850 4104 odilonis

209 4133 284 4190 ultra
303 4134 427 4192 homines
439 4135 586 4204 credimus,
605 4136 645 4192 sic
663 4136 779 4192 ubertim
796 4136 950 4210 lacrymans
966 4139 1001 4195 ti·
1053 4143 1168 4200 ⁰⁰ill⁰i0
1180 4140 1345 4187 columniam
1358 4140 1386 4188 ⁶²
1398 4131 1479 4188 altari
1496 4148 1545 4190 ⁸¹⁸⁰
1559 4134 1663 4191 nomini
1675 4136 1846 4206 condebito.

210 4232 276 4290 met,
289 4223 354 4295 quid
369 4239 419 4280 noa
434 4222 565 4281 iaciemus
575 4224 645 4281 aridi
656 4233 685 4281 et
701 4227 734 4281 ad
749 4224 807 4295 ejus
820 4229 1002 4299 comparatiu-
1052 4222 1249 4279 cabillonensis
1260 4223 1389 4280 Ecclesiae
1401 4223 1500 4296 presul
1514 4232 1620 4286 tutudit
1630 4241 1693 4282 cetu
1704 4226 1848 4285 detetiwe

210 4326 274 4368 ruent
285 4311 432 4368 rit-tatibus
445 4312 543 4367 alienii
557 4311 625 4369 Nam
636 4313 708 4369 sicut
718 4316 813 4382 abbas,
826 4332 870 4373 me
883 4326 1000 4387 astante,
1053 4326 1103 4368 nes
1118 4311 1268 4369 beeoridce
1282 4313 1410 4384 suscepit.
1602 4324 1603 4327 ’

208 4402 384 4474 postmodum
402 4402 505 4468 retulit,
519 4402 634 4458 multum
655 4403 715 4459 istae
737 4405 864 4477 lacrymae
876 4409 1004 4467 ominibus
1272 4420 1307 4460 ar
1324 4420 1498 4467 cessasent
1517 4421 1627 4464 struto·

180 4567 188 4574 ἠ
208 4492 390 4564 protuerunt,
415 4490 582 4547 audientium
608 4491 820 4552 melioraverunt
844 4499 950 4556 animes
974 4486 1042 4557 etl)
1090 4496 1134 4551 ii.
1154 4494 1259 4553 lntcrca
1275 4498 1394 4568 synodus
1410 4509 1602 4570 congregatur,
1615 4500 1703 4557 secati
1717 4500 1848 4570 presides

209 4591 317 4642 mentes
341 4584 572 4657 prospectantium
595 4584 788 4644 solidaverunt.
816 4588 893 4648 Tunc
917 4591 1001 4649 abbas
1054 4588 1164 4654 adsunt,
1183 4602 1237 4644 noe
1250 4588 1355 4644 medica
1370 4589 1448 4644 turba
1465 4591 1847 4649 uemirmmdemtetestiuat.

209 4675 349 4734 communi
362 4677 476 4733 lratrum
490 4676 604 4734 censllie
617 4679 712 4734 statuit
726 4688 757 4734 ut
769 4680 868 4738 aeetae
879 4696 930 4754 pre
941 4684 1002 4755 elus
1054 4678 1261 4737 Matisrooeetis
1277 4694 1385 4751 quoque
1400 4680 1544 4751 opiscopus
1560 4694 1614 4736 neu
1626 4680 1725 4736 dubius
1738 4690 1787 4738 aut
1799 4696 1846 4737 se-

208 4784 302 4827 amere
314 4784 423 4842 semper
439 4785 510 4827 unus
525 4785 627 4843 pauper
637 4782 794 4842 pasceretur
803 4784 833 4831 ct
843 4777 999 4846 vestiretur,
1053 4771 1114 4843 gnis
1127 4771 1263 4838 occurrit;
1284 4770 1311 4825 iu
1331 4784 1380 4825 sua
1399 4785 1517 4840 eamqtte
1535 4769 1678 4841 prudentia
1700 4772 1752 4841 (esu
1771 4775 1847 4828 enim

206 4869 235 4917 et
249 4875 320 4916 unus
336 4875 446 4932 semper
458 4875 509 4933 pro
522 4875 555 4918 ee
570 4861 692 4932 psalmus
708 4862 736 4917 iu
751 4865 888 4921 communi
904 4876 999 4923 cunta·
1052 4862 1152 4917 litteris
1165 4871 1192 4918 et
1207 4876 1332 4917 sermone
1346 4862 1453 4932 petens)
1467 4869 1496 4916 et
1509 4861 1686 4931 quorumdam
1702 4862 1846 4932 episcope·

207 4962 297 5018 retum
314 4963 355 5019 et,
373 4952 533 5009 denuntiato
549 4953 601 5009 siet
615 4952 673 5022 ejus
685 4956 773 5022 eben,
784 4970 893 5026 senrper
905 4957 933 5013 lu
949 4972 998 5013 sun
1052 4952 1203 5023 cumquest
1220 4951 1422 5021 conspiratione
1436 4952 1566 5017 ceaesus,
1584 4950 1663 5020 boios
1673 4966 1762 5007 causa
1776 4951 1846 5008 ami·

206 5042 395 5099 annirersarie
415 5041 564 5097 solemnem
587 5042 614 5097 iu
637 5054 771 5101 corruente
792 5045 904 5102 mistam
928 5046 999 5104 cele·
1051 5042 1167 5099 cubilem
1179 5043 1390 5098 transactionem
1408 5056 1548 5112 respuens.
1561 5043 1595 5098 ad
1610 5042 1765 5113 synodalem
1779 5056 1848 5098 oen-

206 5132 297 5198 brare,
309 5131 432 5193 iestiram
444 5146 588 5203 corporum
601 5133 776 5191 relectionem
790 5135 921 5197 iratribus
930 5152 1000 5209 prae·
1050 5133 1153 5189 bictum
1168 5125 1246 5203 quasi
1262 5133 1477 5203 triumphaturus
1490 5130 1612 5188 iervidea
1622 5129 1738 5188 bellator
1747 5147 1850 5189 eccur·

205 5240 314 5296 parare,
337 5233 365 5289 et
387 5222 518 5296 quidquid
541 5239 666 5281 amensa
684 5228 856 5294 remanserit,
878 5242 927 5299 pro
940 5228 999 5298 cjtts
1051 5222 1096 5279 ril-
1118 5221 1192 5277 Pelle
1209 5221 1281 5277 ellim
1302 5236 1397 5277 ⁰¹¹¹ssss
1416 5221 1546 5293 episcopi,
1567 5223 1613 5292 ‘illl
1634 5232 1699 5278 ¹⁸¹¹¹0
1717 5223 1847 5287 iidemu.

205 5314 303 5371 animae
325 5313 413 5377 salute
435 5313 598 5386 pauperibus
622 5315 718 5371 starmt
739 5318 935 5392 emgareub).
950 5320 999 5378 ste
1048 5323 1150 5387 preter
1163 5315 1852 5389 archiepiscopumBysuritinumreeerabileuued-

205 5408 325 5462 omnium
345 5406 460 5465 tratrem
484 5409 615 5463 societate
637 5406 733 5463 muniti
756 5409 883 5481 sapam
902 5411 997 5468 esculo
1049 5405 1114 5462 lieet
1127 5413 1156 5461 rt
1168 5405 1420 5475 cammerinum
1432 5408 1539 5473 nimiu,
1559 5407 1732 5463 Clurriaceuai
1748 5423 1847 5464 meua·

205 5498 997 5566 cottflrmati,adsanctumdevenimusllartiaiem.intcrea
1051 5498 1135 5555 sterio
1153 5498 1310 5555 invidebant
1330 5500 1443 5571 eistete
1463 5514 1587 5565 erutam.
1611 5513 1742 5571 quantum
1764 5510 1850 5561 seul·

242 5633 297 5715 (5⁹),
316 5633 467 5700 Sarabaite,
492 5635 641 5693 mantelius
665 5650 748 5709 uagus
770 5644 798 5697 et
823 5634 910 5695 calca.
927 5634 995 5699 lide
1085 5632 1293 5709 (lulli'embanc
1306 5649 1500 5696 ceermcmerat
1513 5638 1673 5713 ipsePetms
1682 5639 1760 5712 epi-t.
1774 5639 1848 5705 ιιι,

204 5705 297 5775 Cattgiu
312 5704 498 5761 etuas-arunas
910 5715 913 5721 '
1046 5708 1104 5765 2et
1115 5709 1143 5766 d.
