4017 6192
217 279 271 337 dil
676 280 797 343 deust.
812 283 871 343 xt.
884 284 975 343 -ὓὶ
993 286 1188 350 utsttttttts
1204 292 1286 352 dtu.
1299 293 1440 354 metiti.
1793 305 1848 366 38

507 395 625 456 untur
645 398 751 457 ms
1026 406 1116 468 Abas
1128 418 1309 479 exponuntur.
1334 410 1369 468 tit
1393 427 1459 484 crgo
1483 413 1615 485 levigetur
1636 416 1712 473 labor
1731 418 1850 490 itineris,
1932 487 1938 496 ,

219 482 577 555 Dolumeudlevsrdrtst
585 488 1010 558 pondurrcrriticoeuttstrritutis
1063 498 1188 555 tendendi
1216 509 1280 557 sunt
1304 502 1375 559 oculi
1398 505 1433 560 ad
1453 506 1575 576 requiem
1599 509 1850 568 nequeuntem

569 557 666 614 m·
1062 588 1191 645 nimirum
1207 589 1333 648 itomnc
1355 594 1427 664 quod
1451 597 1622 666 peruginum
1644 599 1668 655 si
1690 613 1747 671 prae
1763 601 1850 660 ocrrlis

256 663 426 721 mortni
439 675 554 723 conatus
575 666 716 736 innatantia,
727 671 897 744 summisque
908 673 1013 730 uiribus
1063 685 1136 733 meta
1154 692 1264 750 semper
1286 680 1413 749 babetur,
1435 684 1470 738 ud
1493 697 1573 753 qnam
1596 685 1765 745 iestinsmns
1781 688 1850 746 iilud

221 754 381 817 canerem
399 754 434 809 ad
461 753 644 827 lacrymarum
671 758 786 829 gratiam
847 762 1015 832 contempla·
1063 779 1171 836 quoquc
1187 768 1221 824 ad
1240 767 1410 827 allevandum
1432 772 1608 831 districtionis
1626 779 1772 835 eremitice
1783 795 1852 850 poa-

223 842 363 913 tionisque
373 842 567 914 perlectionem
582 847 671 916 possis
684 849 831 921 attingere.
842 849 918 918 Quod
932 852 1014 907 triuni-
1064 854 1115 911 dus
1131 863 1191 911 uon
1212 857 1387 915 mediocriter
1404 862 1511 931 prolicit
1528 881 1535 917 :
1555 866 1578 920 si
1597 866 1652 921 cibi
1665 868 1798 939 parcioris
1812 870 1851 928 io·

222 947 284 987 rum
296 946 353 988 non
364 930 399 987 ad
412 933 464 1002 boc
477 938 664 993 tantummodo
675 938 795 1008 prolicit,
808 951 838 996 at
852 941 879 996 in
891 940 937 997 illo
950 943 1016 997 bea-
1064 944 1166 1014 opiam,
1179 955 1208 1002 et
1227 956 1307 1018 potus
1320 949 1487 1017 ariditatem,
1501 953 1610 1024 aliaque
1628 958 1758 1014 nonnulla
1771 961 1847 1016 carni

210 1019 348 1075 'tituulinis
360 1034 445 1092 regno
458 1023 558 1092 gradus
577 1026 702 1096 superior
723 1028 883 1098 acquiratur
896 1046 903 1084 :
919 1031 967 1086 sed
979 1034 1015 1087 ad
1065 1037 1212 1102 contraria,
1225 1037 1336 1093 sibimet
1348 1040 1410 1109 quis
1420 1042 1454 1097 ad
1470 1048 1577 1114 tempus
1589 1045 1693 1102 indicit.
1706 1047 1775 1105 llam
1785 1065 1848 1106 cum

189 1187 193 1193 .
223 1111 277 1171 boc
286 1110 379 1178 etism,
393 1118 424 1166 ut
435 1111 464 1166 in
475 1112 527 1168 bac
537 1113 595 1184 ipsa
609 1115 664 1170 vita
680 1130 761 1186 quam
776 1117 863 1183 ducis,
878 1121 968 1175 omnis
978 1120 1017 1174 ri·
1065 1128 1235 1195 postmodnm
1258 1127 1292 1183 ad
1315 1139 1445 1187 consueta
1466 1135 1623 1201 revenitur,
1648 1139 1850 1198 consuetudinis

188 1232 197 1247 ·
223 1203 294 1272 gidus
305 1203 475 1259 austeritatis
487 1204 586 1260 borror
598 1205 871 1280 abscedat3sesequc
885 1209 1016 1281 quidquid
1065 1214 1204 1286 regulam,
1240 1217 1408 1274 remissionis
1434 1218 1620 1278 lassitudinem
1643 1226 1852 1286 arbitraturtct

223 1291 416 1357 districtionis,
423 1294 554 1364 quidquid
568 1295 720 1354 afflictionis
732 1313 855 1355 amarum
864 1299 1015 1366 videbatur,
1065 1305 1208 1363 collatione
1221 1310 1338 1378 quadarn
1353 1305 1433 1375 iacta,
1446 1311 1550 1369 lucrum
1563 1331 1628 1371 caro
1641 1333 1695 1373 non
1709 1320 1850 1376 minianum

224 1381 252 1437 in
267 1382 436 1440 duldedinem
454 1394 552 1441 vertat.
571 1388 639 1444 Cum
659 1388 785 1446 videlicet
811 1405 890 1447 amor
912 1391 1016 1458 timori,
1065 1395 1187 1467 deputat,
1201 1398 1244 1455 his
1256 1398 1357 1472 aliquid
1370 1401 1514 1473 adjecisse,
1528 1404 1628 1474 quibus
1643 1414 1707 1464 tune
1720 1419 1849 1467 douleusis

222 1454 337 1532 ¹ttverrss
349 1478 513 1533 mocesserit
531 1478 667 1542 servituti,
683 1487 748 1536 tunc
758 1483 909 1538 necessitas
927 1482 955 1537 in
969 1498 1017 1539 vo·
1065 1484 1183 1542 vivebat.

223 1566 356 1622 lunutem
367 1565 495 1633 vertitur,
507 1577 536 1623 ct
549 1556 723 1625 inenarrabili
737 1570 880 1627 charitatis
891 1572 1016 1628 incendio
1134 1579 1140 1589 ’
1342 1580 1456 1639 catut
1472 1581 1569 1640 xxii.
1657 1620 1664 1630 .

222 1673 309 1714 muare
326 1657 358 1713 ut
377 1665 406 1713 et
422 1657 572 1728 jucundum
594 1659 724 1731 quidquid
749 1670 860 1718 estenm
872 1662 1016 1719 videbatur
1131 1668 1269 1736 Quomodo
1281 1669 1459 1742 lacrymarum
1476 1675 1564 1745 pretia
1578 1676 1658 1746 possit
1673 1679 1786 1748 munci.

223 1763 352 1819 ”perun
365 1759 394 1805 et
407 1748 515 1805 durum.
528 1750 614 1806 Porro
628 1751 794 1809 israeliticus
804 1753 850 1810 illc
860 1753 974 1825 populus
986 1746 1053 1811 inB
1101 1757 1155 1815 Sed
1180 1760 1242 1830 quia
1264 1761 1393 1832 lacrymis
1416 1764 1595 1822 insistendum
1619 1782 1681 1824 csse
1701 1768 1851 1839 docuimus,

222 1841 354 1896 vastitate
368 1841 462 1896 eremi
486 1842 660 1908 constitutur,
683 1858 745 1899 cum
764 1851 793 1900 et
815 1843 843 1900 in
857 1844 1005 1917 AEgpptum
1065 1859 1263 1920 consequenter
1276 1852 1358 1909 ctiam
1370 1845 1507 1925 quomodo
1520 1856 1554 1913 sd
1568 1857 1654 1929 ipsam
1669 1858 1852 1932 lacrymarum

220 1932 278 2005 jam
294 1931 383 1989 redire
397 1948 450 1988 non
465 1943 566 2005 posset,
581 1945 610 1990 et
622 1936 711 1992 adbuc
723 1935 885 2008 promissam
903 1937 1013 2003 terram,
1064 1942 1181 2012 gratiam
1194 1942 1282 2013 possit
1293 1944 1401 2014 silingi,
1416 1953 1497 2016 prout
1508 1959 1603 2004 earum
1621 1948 1735 2021 largitor
1746 1948 1851 2008 inlude-

224 2023 648 2093 meritispraepedientibus,non
663 2027 798 2095 intrarct;
813 2027 1015 2086 laborisetiti·
1065 2032 1114 2097 rit,
1141 2031 1260 2088 breviter
1283 2034 1449 2091 intimemus.
1473 2036 1603 2108 Quisquis
1628 2054 1694 2111 crgo
1719 2055 1773 2097 non
1796 2050 1853 2097 tant

226 2115 303 2171 neris
333 2115 465 2180 radium,
491 2117 660 2188 dirersaeque
698 2119 870 2176 necessitatis
896 2121 1016 2193 inopiam
1066 2119 1144 2174 arido
1159 2120 1242 2176 corde
1261 2136 1389 2190 atterere,
1412 2139 1493 2195 quam
1517 2135 1545 2182 et
1566 2126 1747 2199 lacrymarum
1771 2130 1853 2186 inun-

223 2213 338 2260 coactus
356 2213 399 2261 est
423 2206 558 2262 sustinere
586 2207 707 2281 (Esou).
741 2208 787 2265 Sic
813 2210 951 2277 nimirum,
975 2212 1021 2266 sic
1064 2208 1158 2266 danda
1176 2212 1423 2281 quaerisalssuem3
1439 2229 1493 2269 nou
1508 2216 1659 2274 modotea
1676 2219 1853 2289 strepitans·

221 2294 348 2364 quisquis
377 2296 547 2352 tenebrosam
575 2299 667 2355 rutundi
702 2287 782 2372 bajus
810 2299 867 2372 lam
895 2299 1015 2356 latitudi·
1065 2301 1200 2370 gottorum
1223 2299 1395 2377 secularium
1417 2320 1538 2372 remoue
1563 2306 1762 2364 sedalraterni
1781 2322 1853 2380 seps

223 2399 288 2439 nem
316 2386 433 2456 sprevit;
460 2388 509 2443 sed
536 2388 624 2445 adbuc
655 2398 744 2446 tamen
775 2391 811 2448 ad
840 2390 1015 2462 perfectionis
1065 2388 1194 2461 colloquii
1211 2399 1305 2447 mutua
1328 2399 1355 2446 te
1374 2390 1853 2463 fabulationcoompcsce:omncsa

222 2475 354 2542 eulmen,
383 2480 501 2548 torporis
529 2481 658 2536 astrictus
683 2482 789 2552 ignavia
815 2496 870 2538 non
895 2481 1013 2552 aspirat:
1066 2482 1247 2538 temundanae
1260 2482 1375 2538 actionis
1386 2498 1475 2551 curas,
1489 2493 1517 2537 et
1528 2483 1723 2541 sollicitudines
1732 2494 1854 2558 amputa,
1939 2478 1941 2482 ’

223 2567 325 2622 multas
340 2582 533 2636 ammiramur,
546 2569 724 2642 laborumque
747 2572 885 2629 molestias
904 2587 1016 2630 necesse
1065 2581 1093 2628 et
1103 2587 1152 2628 eas
1164 2581 1291 2642 tanquam
1304 2573 1434 2628 ruderum
1447 2574 1543 2640 ntoles,
1558 2583 1586 2630 et
1596 2584 1700 2631 meatus
1712 2572 1853 2630 obstacula

220 2666 266 2712 cst
283 2657 423 2727 perierat:
439 2669 532 2731 utpote
550 2662 621 2718 inter
643 2671 787 2733 utrumque
805 2653 1016 2726 consistens,'et
1066 2662 1101 2718 ab
1121 2664 1258 2720 obstructi
1282 2661 1366 2719 lontis
1388 2664 1534 2736 spiramine
1560 2665 1723 2721 submovere
1741 2663 1852 2722 lustina.

225 2750 371 2807 mundante
402 2754 592 2822 prosperitatis
621 2754 802 2825 qualicumque
830 2756 1015 2812 consolatione
1066 2752 1143 2810 Sicut
1167 2753 1241 2808 eninr
1265 2753 1294 2808 in
1317 2768 1434 2810 caverna
1459 2764 1539 2810 terrae
1563 2755 1597 2810 de
1619 2751 1718 2826 abyiso
1740 2753 1854 2810 renierus

221 2857 279 2898 non
294 2843 388 2909 utitur,
399 2854 427 2900 et
441 2855 531 2901 umen
542 2847 632 2903 adbuc
642 2862 766 2917 supernae
779 2847 1016 2918 contemplationis
1065 2858 1134 2914 aqua
1153 2842 1305 2915 colligitnr;
1322 2844 1370 2900 sed
1385 2843 1507 2899 obicibus
1521 2859 1665 2914 oppressa,
1678 2857 1732 2899 non
1749 2841 1851 2916 effluit3

223 2935 327 2992 turmine
353 2937 455 3008 perfrui
478 2954 532 2996 uon
557 2949 688 2995 meretur.
714 2940 738 2996 tt
762 2939 863 2996 mundo
880 2940 1014 3009 siqnidem
1065 2935 1105 2992 sic
1117 2935 1144 2989 in
1160 2935 1280 2990 hunuano
1291 2936 1373 2991 corde
1385 2929 1556 2991 consideiata
1571 2934 1754 3005 prolanditate
1768 2934 1852 2992 diuini

221 3027 325 3083 avortit
347 3028 545 3099 oculosqnem
571 3030 700 3100 reliqnit3
730 3039 758 3086 ct
784 3029 875 3086 lumen
898 3030 1013 3085 necdum
1062 3025 1157 3096 judicit
1180 3026 1290 3081 tristitia
1314 3026 1520 3095 uomitumque
1538 3033 1692 3095 tanrenper
1708 3025 1854 3082 lietuinla·

222 3118 298 3171 valet
308 3117 411 3184 vidcre,
426 3120 498 3190 quod
514 3120 625 3190 quasin
649 3135 701 3175 non
714 3119 861 3189 lrabctJam
875 3119 909 3174 dc
928 3110 1049 3176 saculi
1064 3107 1164 3187 crymis
1174 3115 1377 3186 erumpentibus
1388 3131 1441 3172 non
1454 3123 1578 3183 emanat;
1588 3116 1610 3170 si
1624 3124 1792 3172 terrenorum
1804 3132 1853 3173 ac·

223 3210 1021 3283 lariddectationcqnodgaudcat,etspiritnalcmlaetitiam,
1066 3205 1550 3263 tuumsulflamenobsistat:tristitia
1567 3206 1853 3278 quippelacrgmarunv
1882 3214 1887 3223 “

223 3319 279 3359 non
290 3302 424 3374 degustat,
433 3304 468 3360 ad
480 3318 561 3374 quam
575 3302 698 3360 videlicet
709 3317 764 3360 non
777 3303 897 3375 ingenuo
907 3302 1015 3360 icruoru
1064 3299 1178 3355 unierit
1193 3307 1235 3355 etl
1247 3316 1254 3355 τ
1266 3302 1313 3356 sel
1325 3312 1354 3354 ⁸11
1364 3299 1445 3368 huius
1460 3299 1542 3355 tontis
1554 3301 1639 3370 boisil
1651 3300 1767 3356 ”berlint
1782 3315 1854 3357 '0¹¹⁸

222 3396 346 3453 [utimr.
1064 3389 1213 3458 prebuere,
1227 3397 1324 3461 satage
1335 3399 1432 3445 ctvncta
1446 3391 1548 3460 negotii
1561 3390 1699 3446 secobris
1713 3391 1853 3449 obstacula

258 3486 439 3557 Quapropter,
452 3494 501 3541 aut
516 3486 550 3542 ad
563 3484 754 3556 perlectionem
773 3484 837 3541 totis
851 3482 1016 3540 nisibuscla·
1065 3495 1216 3547 removere,
1229 3488 1297 3536 etnt
1314 3480 1386 3552 quod
1403 3481 1562 3552 irequenter
1573 3490 1700 3551 expertus
1710 3498 1782 3549 suni,
1799 3500 1854 3541 non

222 3576 374 3633 borandum
387 3585 441 3643 est,
456 3587 503 3632 aut
521 3577 605 3633 multa
621 3577 806 3633 calamitatum
821 3576 1016 3632 tentationum·
1065 3570 1190 3625 omilim
1202 3587 1211 3636 t
1224 3570 1281 3642 {11⁵0
1304 3584 1412 3641 qnoque
1439 3571 1589 3640 Sililifflalil
1611 3572 1695 3638 20¹⁰&
1711 3573 1854 3644 ditcidlltfl

222 3682 277 3737 que
292 3668 372 3724 rapt,
393 3667 563 3739 perissem,
578 3669 679 3725 [summ
690 3666 1015 3736 mneoerrsgstiscuriae
1065 3661 1291 3727 conmissorum,
1322 3660 1460 3732 correptio
1484 3661 1723 3738 delinquentium,
1753 3675 1855 3720 unctas

224 3756 350 3811 militium
380 3758 536 3814 sustinere:
561 3768 590 3813 at
616 3767 759 3827 postquam
790 3756 905 3827 gratiam
943 3757 1016 3825 regis
1065 3750 1264 3822 praedicationis
1276 3749 1524 3821 alloquium,⁸baec,
1538 3761 1566 3807 et
1580 3752 1623 3808 bis
1633 3754 1732 3809 similia
1745 3755 1854 3810 tametsi

223 3848 352 3916 suemus,
372 3847 432 3917 eju,
446 3848 561 3917 eropum
584 3846 663 3903 lauert
689 3831 850 3901 capitiarius
864 3846 1013 3910 sanaem,
1065 3848 1159 3896 sancta
1174 3839 1238 3904 sirit,
1258 3840 1388 3895 ctdivina
1404 3854 1517 3909 prorsus
1530 3843 1694 3899 auctoritate
1715 3845 1854 3912 mandata,

223 3936 378 3992 cubiculum
403 3933 573 4006 frequentius
593 3935 707 4008 ingredi,
731 3944 823 3991 astare
845 3935 1014 4005 conspectui,
1064 3929 1247 4000 lacrymarum
1266 3939 1354 3985 tamen
1375 3928 1468 4001 procul
1483 3930 1725 3989 dubiouoscuntur
1742 3933 1855 4005 impedi·

225 4036 319 4081 mutua
334 4027 450 4082 miscere
463 4024 603 4095 colloquia,
611 4025 725 4097 privatis
737 4025 869 4082 interesse
877 4025 1013 4092 consiliis;
1064 4029 1167 4074 menit-

226 4124 299 4171 totus
311 4130 374 4171 mos
388 4115 434 4172 illc
447 4114 549 4172 militis
559 4114 637 4171 labor
652 4114 747 4179 dulcis,
761 4123 922 4171 etammnus
933 4113 1016 4171 ellici-
1101 4109 1130 4167 st
1147 4111 1232 4183 igitur
1245 4112 1279 4167 sd
1302 4110 1486 4185 lacrymarum
1509 4115 1625 4186 gratiam
1647 4117 1691 4186 pia
1708 4119 1749 4176 vis
1763 4119 1854 4202 inten-

224 4217 280 4270 tur,
296 4204 502 4276 inquietumque
525 4204 661 4276 negotium
683 4204 780 4275 quavis
799 4204 890 4275 quiete
905 4205 1016 4261 suavius
1066 4202 1138 4258 tiouc
1147 4202 1313 4275 pertingere,
1330 4219 1383 4260 nou
1398 4204 1486 4261 solum
1500 4220 1517 4261 a
1533 4208 1650 4265 terrenis
1666 4211 1791 4281 negotiis,
1805 4215 1854 4270 sed

224 4299 380 4368 deputatur.
405 4295 538 4352 Nimirum
562 4296 622 4353 sine
640 4275 734 4352 labore
751 4294 874 4361 auom,
887 4294 946 4351 siue
958 4311 1016 4350 mo-
1064 4291 1272 4363 aquorumdam
1284 4293 1461 4364 tealiqnando
1470 4295 1650 4364 spiritualium
1661 4300 1853 4358 exercitiorum

225 4385 305 4440 lcstia
320 4383 435 4456 satagis,
444 4384 505 4440 sine
517 4384 661 4441 vexatione
675 4383 818 4441 discurris.
1065 4383 1268 4440 exsecutionem
1283 4399 1435 4454 compesce.
1454 4384 1583 4442 llalitiam
1601 4402 1720 4461 quoque,
1734 4390 1805 4447 iram
1825 4401 1855 4449 st

180 4435 199 4497 ἃ
259 4475 371 4531 iustius
395 4489 462 4547 ergo
485 4475 614 4532 vitiorum
637 4475 780 4547 passiones
803 4474 916 4541 elidere,
939 4483 970 4529 ut
986 4473 1014 4529 in
1029 4449 1203 4539 Dorticum
1211 4473 1329 4545 reliquas
1340 4476 1466 4531 vitiorum
1479 4487 1570 4546 pestes
1582 4480 1703 4536 deantro
1715 4481 1753 4537 tni
1763 4482 1855 4538 cordis

224 4567 379 4625 cubiculum
410 4566 492 4639 licgis
522 4567 676 4633 admissus,
706 4568 733 4625 ei
764 4568 855 4625 valcas
886 4578 1015 4639 tanquam
1067 4564 1328 4630 onninamente
1352 4567 1505 4622 accusatrix
1528 4569 1693 4625 conscientia
1717 4568 1787 4626 torte
1810 4587 1854 4629 re·

225 4658 391 4714 domesticus
420 4658 575 4724 adhaereret
607 4666 636 4713 et
668 4657 768 4714 merrus
795 4666 849 4714 tuse
877 4658 952 4714 acics
981 4670 1016 4713 co
1066 4655 1201 4719 mordeat,
1216 4670 1294 4710 inens
1308 4664 1352 4709 tna
1367 4655 1457 4736 intimi
1478 4655 1548 4738 roris
1563 4656 1719 4714 vacuefacta
1732 4661 1853 4719 madori-

227 4749 340 4805 liberius
367 4749 396 4804 iu
422 4747 492 4805 lucis
519 4745 665 4805 Auctorem
692 4748 835 4814 intendat,
855 4763 909 4819 quo
941 4757 1014 4803 teno-
1067 4746 1853 4831 bus,ariditatelormidiniscoutaltescat,diceuteScriptu·

225 4844 307 4898 brosa
335 4842 574 4912 phantasmatum,
606 4856 792 4912 vanarumque
822 4841 1014 4914 cogitationum
1068 4834 1849 4914 ra:vbrescerrtibusbonvinibuspraetimoratius.uxr).s

225 4932 308 5004 352
319 4933 406 5004 caligo
416 4949 470 4989 non
483 4935 583 4991 obstat.
594 4931 672 5006 Saepe
687 4942 779 4989 autom
793 4932 857 4988 dnm
873 4921 1014 5001 multiplici
1067 4927 1225 4984 sanctitatis
1246 4926 1345 4997 quippe
1361 4926 1506 4992 torciaco
1523 4928 1600 4984 testis
1612 4929 1773 4989 innocentie
1786 4948 1851 4991 con·

226 5022 406 5077 tentationum
429 5022 570 5079 obsidione
595 5021 740 5087 vallamur,
765 5020 865 5076 divina.
890 5025 1014 5090 respectu
1065 5018 1146 5093 353
1163 5017 1277 5074 scientia
1297 5032 1393 5089 puram
1415 5028 1532 5074 mentem
1552 5021 1711 5088 qrrilvnsdam
1732 5023 1852 5081 ceteris

225 5113 376 5169 clementia
393 5124 504 5186 repente
519 5113 546 5169 in
563 5112 820 5185 contemplationem
835 5110 966 5181 rapimur.
981 5109 1017 5164 lit
1041 5139 1047 5148 -
1065 5112 1158 5184 gratim
1172 5109 1265 5165 rivulis
1277 5108 1382 5179 irrigat,
1404 5114 1432 5161 et
1448 5108 1558 5164 resolvit
1572 5110 1599 5165 ivr
1617 5109 1763 5182 lacrymas,
1776 5113 1851 5169 duri·

170 5225 176 5233 ’
225 5204 266 5260 sic
289 5204 448 5260 relutiutra
466 5204 658 5269 diversorium,
675 5201 847 5274 magnificam
860 5199 1014 5278 ilcgisglo-
1066 5202 1130 5256 tiam
1146 5199 1262 5271 squalidi
1278 5199 1369 5255 cordis
1384 5198 1497 5264 emollit,
1512 5212 1540 5253 ct
1560 5198 1709 5269 profluendi
1729 5213 1850 5260 meatum

227 5296 295 5349 riam
310 5311 358 5366 per
368 5296 488 5352 occultas
510 5295 593 5351 rimas
616 5294 789 5365 inspiciruus;
813 5294 878 5349 dum
900 5305 1015 5362 corpore
1065 5289 1276 5359 lietibnsaperit.
1289 5288 1848 5362 Sitcrgoconscientiatuapura,mnnda,

226 5386 294 5442 loris
320 5387 428 5456 posim,
458 5394 598 5442 ventorum
622 5386 774 5455 procellas,
803 5392 832 5440 et
862 5384 1013 5456 pluviarum
1065 5383 1165 5446 nitida3
1181 5382 1216 5435 sit
1237 5381 1353 5442 sincera,
1369 5394 1474 5448 arpina,
1490 5388 1571 5446 atque
1590 5380 1625 5450 ab
1643 5382 1851 5443 omnilabene-

226 5476 415 5531 inundantium
440 5475 561 5532 turbines
578 5477 755 5532 sustinemus.
768 5476 867 5547 Sicquc
881 5477 1013 5547 quodam·
1066 5472 1213 5541 quitiarnm
1229 5469 1409 5541 spiritualium
1429 5468 1578 5524 delaecata:
1599 5479 1627 5526 et
1644 5486 1705 5528 curn
1720 5489 1850 5547 eotupun·

226 5565 307 5620 modo
329 5565 404 5621 solus
426 5567 521 5622 oculus
542 5567 698 5622 deliciarum
720 5567 852 5637 regalium
875 5567 1014 5637 voluptate
1065 5569 1120 5624 ctio
1131 5569 1221 5624 cordis
1236 5580 1378 5639 erumpere
1398 5574 1535 5638 properat,
1551 5567 1620 5624 obcu
1637 5570 1772 5627 mordacis
1783 5585 1849 5629 uon·

226 5654 385 5724 perimitur,
400 5657 463 5713 dum
479 5658 601 5714 inumbra
620 5668 718 5714 caetcra
732 5656 824 5715 llabris
842 5667 869 5715 et
887 5660 1014 5716 cruciati·
1035 5737 1040 5744 .
1065 5660 1186 5717 scientiar
1201 5672 1256 5714 non
1267 5658 1397 5722 obsistat;
1415 5670 1481 5713 neue
1494 5671 1542 5712 cor
1554 5658 1680 5727 pat-idum
1695 5661 1782 5733 digne
1794 5661 1848 5717 lor·
