<?xml version="1.0" encoding="UTF-8"?>
<!DOCTYPE html PUBLIC "-//W3C//DTD XHTML 1.0 Transitional//EN"
    "http://www.w3.org/TR/xhtml1/DTD/xhtml1-transitional.dtd">
<html xmlns="http://www.w3.org/1999/xhtml" xml:lang="en" lang="en">
 <head>
  <title>
</title>
<meta http-equiv="Content-Type" content="text/html;charset=utf-8" />
  <meta name='ocr-system' content='tesseract 3.04.00' />
  <meta name='ocr-capabilities' content='ocr_page ocr_carea ocr_par ocr_line ocrx_word'/>
</head>
<body>
  <div class='ocr_page' id='page_1' title='image "./patrologiaecurs129migngoog/patrologiaecurs129migngoog_0318.png"; bbox 0 0 4017 6192; ppageno 0'>
   <div class='ocr_carea' id='block_1_1' title="bbox 244 308 1873 381">
    <p class='ocr_par' dir='ltr' id='par_1_1' title="bbox 244 308 1873 381">
     <span class='ocr_line' id='line_1_1' title="bbox 244 308 1873 381; baseline 0.005 -18"><span class='ocrx_word' id='word_1_1' title='bbox 244 308 293 363; x_wconf 69' lang='lat' dir='ltr'><strong>tat</strong></span> <span class='ocrx_word' id='word_1_2' title='bbox 574 309 696 368; x_wconf 74' lang='lat' dir='ltr'><strong>obiise.</strong></span> <span class='ocrx_word' id='word_1_3' title='bbox 718 308 850 364; x_wconf 72' lang='lat' dir='ltr'><strong>mvii.</strong></span> <span class='ocrx_word' id='word_1_4' title='bbox 868 340 902 349; x_wconf 94' lang='lat'><em>-</em></span> <span class='ocrx_word' id='word_1_5' title='bbox 923 310 967 365; x_wconf 75' lang='lat' dir='ltr'><strong>bd</strong></span> <span class='ocrx_word' id='word_1_6' title='bbox 989 309 1104 366; x_wconf 78' lang='lat' dir='ltr'><strong>VdelS</strong></span> <span class='ocrx_word' id='word_1_7' title='bbox 1122 312 1244 368; x_wconf 77' lang='lat' dir='ltr'><strong>sactus</strong></span> <span class='ocrx_word' id='word_1_8' title='bbox 1262 311 1541 381; x_wconf 70' lang='lat' dir='ltr'><strong>ottnsmodttttiS.</strong></span> <span class='ocrx_word' id='word_1_9' title='bbox 1819 324 1873 380; x_wconf 59' lang='grc' dir='ltr'><strong>ΜΞ</strong></span> 
     </span>
    </p>
   </div>
   <div class='ocr_carea' id='block_1_2' title="bbox 241 420 1879 682">
    <p class='ocr_par' dir='ltr' id='par_1_2' title="bbox 241 420 1879 682">
     <span class='ocr_line' id='line_1_2' title="bbox 244 420 1879 493; baseline 0.009 -18"><span class='ocrx_word' id='word_1_10' title='bbox 244 423 344 478; x_wconf 78' lang='lat' dir='ltr'><strong>cialiter</strong></span> <span class='ocrx_word' id='word_1_11' title='bbox 365 420 470 487; x_wconf 80' lang='lat' dir='ltr'><strong>babilo,</strong></span> <span class='ocrx_word' id='word_1_12' title='bbox 491 420 570 476; x_wconf 78' lang='lat' dir='ltr'><strong>robis</strong></span> <span class='ocrx_word' id='word_1_13' title='bbox 597 437 706 493; x_wconf 80' lang='lat' dir='ltr'>semper</span> <span class='ocrx_word' id='word_1_14' title='bbox 729 421 839 477; x_wconf 83' lang='lat' dir='ltr'><strong>assisto.</strong></span> <span class='ocrx_word' id='word_1_15' title='bbox 861 420 986 489; x_wconf 77' lang='lat' dir='ltr'><strong>Alioquin</strong></span> <span class='ocrx_word' id='word_1_16' title='bbox 1010 421 1032 475; x_wconf 89' lang='lat' dir='ltr'><strong>si</strong></span> <span class='ocrx_word' id='word_1_17' title='bbox 1047 432 1071 487; x_wconf 68' lang='grc' dir='ltr'><strong>Α</strong></span> <span class='ocrx_word' id='word_1_18' title='bbox 1086 435 1134 478; x_wconf 91' lang='lat' dir='ltr'><strong>nes</strong></span> <span class='ocrx_word' id='word_1_19' title='bbox 1155 423 1244 479; x_wconf 89' lang='lat' dir='ltr'><strong>aditus</strong></span> <span class='ocrx_word' id='word_1_20' title='bbox 1261 423 1369 481; x_wconf 91' lang='lat' dir='ltr'><strong>clausos</strong></span> <span class='ocrx_word' id='word_1_21' title='bbox 1386 435 1415 481; x_wconf 90' lang='lat' dir='ltr'><strong>et</strong></span> <span class='ocrx_word' id='word_1_22' title='bbox 1431 424 1572 484; x_wconf 89' lang='lat' dir='ltr'><strong>obseratos</strong></span> <span class='ocrx_word' id='word_1_23' title='bbox 1594 427 1706 485; x_wconf 79' lang='lat' dir='ltr'><strong>incenit</strong></span> <span class='ocrx_word' id='word_1_24' title='bbox 1728 428 1807 486; x_wconf 70' lang='lat' dir='ltr'><strong>Mane</strong></span> <span class='ocrx_word' id='word_1_25' title='bbox 1828 448 1879 489; x_wconf 91' lang='lat' dir='ltr'><strong>au·</strong></span> 
     </span>
     <span class='ocr_line' id='line_1_3' title="bbox 242 509 1876 584; baseline 0.007 -17"><span class='ocrx_word' id='word_1_26' title='bbox 242 520 387 583; x_wconf 88' lang='lat' dir='ltr'><strong>propterea</strong></span> <span class='ocrx_word' id='word_1_27' title='bbox 412 525 467 568; x_wconf 86' lang='lat' dir='ltr'><strong>aon</strong></span> <span class='ocrx_word' id='word_1_28' title='bbox 491 526 552 567; x_wconf 88' lang='lat' dir='ltr'><strong>sum</strong></span> <span class='ocrx_word' id='word_1_29' title='bbox 587 512 727 567; x_wconf 82' lang='lat' dir='ltr'><strong>uobiscum</strong></span> <span class='ocrx_word' id='word_1_30' title='bbox 757 511 820 581; x_wconf 92' lang='lat' dir='ltr'><strong>qnia</strong></span> <span class='ocrx_word' id='word_1_31' title='bbox 847 509 1034 581; x_wconf 78' lang='lat' dir='ltr'><strong>corporalibus</strong></span> <span class='ocrx_word' id='word_1_32' title='bbox 1086 520 1140 567; x_wconf 90' lang='lat' dir='ltr'><strong>tem</strong></span> <span class='ocrx_word' id='word_1_33' title='bbox 1152 510 1234 579; x_wconf 89' lang='lat' dir='ltr'><strong>lacto,</strong></span> <span class='ocrx_word' id='word_1_34' title='bbox 1249 528 1303 569; x_wconf 91' lang='lat' dir='ltr'><strong>non</strong></span> <span class='ocrx_word' id='word_1_35' title='bbox 1316 529 1400 584; x_wconf 83' lang='lat' dir='ltr'><strong>parra</strong></span> <span class='ocrx_word' id='word_1_36' title='bbox 1414 514 1560 573; x_wconf 90' lang='lat' dir='ltr'><strong>admiratio</strong></span> <span class='ocrx_word' id='word_1_37' title='bbox 1574 517 1644 573; x_wconf 90' lang='lat' dir='ltr'><strong>inter</strong></span> <span class='ocrx_word' id='word_1_38' title='bbox 1668 516 1766 575; x_wconf 84' lang='lat' dir='ltr'><strong>iratres</strong></span> <span class='ocrx_word' id='word_1_39' title='bbox 1784 536 1876 578; x_wconf 83' lang='lat' dir='ltr'><strong>tersa-</strong></span> 
     </span>
     <span class='ocr_line' id='line_1_4' title="bbox 241 595 1874 682; baseline 0.006 -26"><span class='ocrx_word' id='word_1_40' title='bbox 241 600 328 656; x_wconf 85' lang='lat' dir='ltr'><strong>oeulis</strong></span> <span class='ocrx_word' id='word_1_41' title='bbox 343 615 393 658; x_wconf 85' lang='lat' dir='ltr'><strong>tos</strong></span> <span class='ocrx_word' id='word_1_42' title='bbox 407 615 460 658; x_wconf 92' lang='lat' dir='ltr'><strong>nott</strong></span> <span class='ocrx_word' id='word_1_43' title='bbox 482 601 607 667; x_wconf 87' lang='lat' dir='ltr'><strong>intueor,</strong></span> <span class='ocrx_word' id='word_1_44' title='bbox 624 616 690 673; x_wconf 72' lang='lat' dir='ltr'><strong>erqo</strong></span> <span class='ocrx_word' id='word_1_45' title='bbox 704 616 755 656; x_wconf 91' lang='lat' dir='ltr'><strong>nec</strong></span> <span class='ocrx_word' id='word_1_46' title='bbox 774 601 825 671; x_wconf 88' lang='lat' dir='ltr'><strong>ipsi</strong></span> <span class='ocrx_word' id='word_1_47' title='bbox 840 599 911 655; x_wconf 90' lang='lat' dir='ltr'><strong>oculi</strong></span> <span class='ocrx_word' id='word_1_48' title='bbox 927 608 991 656; x_wconf 88' lang='lat' dir='ltr'><strong>sunt</strong></span> <span class='ocrx_word' id='word_1_49' title='bbox 1005 599 1033 654; x_wconf 90' lang='lat' dir='ltr'><strong>in</strong></span> <span class='ocrx_word' id='word_1_50' title='bbox 1085 599 1166 654; x_wconf 87' lang='lat' dir='ltr'><strong>batur</strong></span> <span class='ocrx_word' id='word_1_51' title='bbox 1180 617 1187 655; x_wconf 92' lang='lat'><strong>:</strong></span> <span class='ocrx_word' id='word_1_52' title='bbox 1204 600 1332 657; x_wconf 87' lang='lat' dir='ltr'><strong>nimirum</strong></span> <span class='ocrx_word' id='word_1_53' title='bbox 1344 615 1421 672; x_wconf 86' lang='lat' dir='ltr'><strong>puer,</strong></span> <span class='ocrx_word' id='word_1_54' title='bbox 1437 604 1494 674; x_wconf 92' lang='lat' dir='ltr'><strong>qui,</strong></span> <span class='ocrx_word' id='word_1_55' title='bbox 1511 613 1614 682; x_wconf 80' lang='lat' dir='ltr'><strong>reptata</strong></span> <span class='ocrx_word' id='word_1_56' title='bbox 1631 608 1704 662; x_wconf 89' lang='lat' dir='ltr'><strong>omni</strong></span> <span class='ocrx_word' id='word_1_57' title='bbox 1726 595 1874 678; x_wconf 85' lang='lat' dir='ltr'><strong>dubietate,</strong></span> 
     </span>
    </p>
   </div>
   <div class='ocr_carea' id='block_1_3' title="bbox 206 688 1962 4317">
    <p class='ocr_par' dir='ltr' id='par_1_3' title="bbox 206 688 1962 4317">
     <span class='ocr_line' id='line_1_5' title="bbox 242 688 1877 766; baseline 0.007 -22"><span class='ocrx_word' id='word_1_58' title='bbox 242 692 339 761; x_wconf 85' lang='lat' dir='ltr'><strong>capite,</strong></span> <span class='ocrx_word' id='word_1_59' title='bbox 359 691 422 761; x_wconf 89' lang='lat' dir='ltr'><strong>qnia</strong></span> <span class='ocrx_word' id='word_1_60' title='bbox 438 699 520 761; x_wconf 89' lang='lat' dir='ltr'><strong>caput</strong></span> <span class='ocrx_word' id='word_1_61' title='bbox 539 705 654 747; x_wconf 86' lang='lat' dir='ltr'><strong>cernere</strong></span> <span class='ocrx_word' id='word_1_62' title='bbox 672 699 823 762; x_wconf 81' lang='lat' dir='ltr'><strong>nequeunt3</strong></span> <span class='ocrx_word' id='word_1_63' title='bbox 843 691 883 745; x_wconf 83' lang='lat' dir='ltr'><strong>rel</strong></span> <span class='ocrx_word' id='word_1_64' title='bbox 901 690 953 760; x_wconf 89' lang='lat' dir='ltr'><strong>ipsi</strong></span> <span class='ocrx_word' id='word_1_65' title='bbox 965 690 1034 745; x_wconf 86' lang='lat' dir='ltr'><strong>sibi·</strong></span> <span class='ocrx_word' id='word_1_66' title='bbox 1085 688 1225 758; x_wconf 80' lang='lat' dir='ltr'><strong>praeterito</strong></span> <span class='ocrx_word' id='word_1_67' title='bbox 1253 703 1366 760; x_wconf 80' lang='lat' dir='ltr'><strong>vespere</strong></span> <span class='ocrx_word' id='word_1_68' title='bbox 1394 692 1421 747; x_wconf 88' lang='lat' dir='ltr'><strong>in</strong></span> <span class='ocrx_word' id='word_1_69' title='bbox 1445 699 1532 749; x_wconf 89' lang='lat' dir='ltr'><strong>strato</strong></span> <span class='ocrx_word' id='word_1_70' title='bbox 1556 710 1607 751; x_wconf 87' lang='lat' dir='ltr'><strong>suo</strong></span> <span class='ocrx_word' id='word_1_71' title='bbox 1633 694 1700 766; x_wconf 87' lang='lat' dir='ltr'><strong>ipsis</strong></span> <span class='ocrx_word' id='word_1_72' title='bbox 1722 698 1877 756; x_wconf 81' lang='lat' dir='ltr'><strong>ridentibus</strong></span> 
     </span>
     <span class='ocr_line' id='line_1_6' title="bbox 241 778 1878 855; baseline 0.012 -30"><span class='ocrx_word' id='word_1_73' title='bbox 241 782 378 838; x_wconf 65' lang='lat' dir='ltr'><strong>merocqn</strong></span> <span class='ocrx_word' id='word_1_74' title='bbox 390 781 517 838; x_wconf 67' lang='lat' dir='ltr'><strong>absentes</strong></span> <span class='ocrx_word' id='word_1_75' title='bbox 535 791 608 848; x_wconf 75' lang='lat' dir='ltr'><strong>sniis,</strong></span> <span class='ocrx_word' id='word_1_76' title='bbox 622 782 684 853; x_wconf 89' lang='lat' dir='ltr'><strong>quia</strong></span> <span class='ocrx_word' id='word_1_77' title='bbox 705 797 756 838; x_wconf 88' lang='lat' dir='ltr'><strong>nec</strong></span> <span class='ocrx_word' id='word_1_78' title='bbox 779 782 922 853; x_wconf 88' lang='lat' dir='ltr'><strong>quisquam</strong></span> <span class='ocrx_word' id='word_1_79' title='bbox 933 797 973 846; x_wconf 88' lang='lat' dir='ltr'><strong>se,</strong></span> <span class='ocrx_word' id='word_1_80' title='bbox 985 797 1035 838; x_wconf 89' lang='lat' dir='ltr'><strong>nec</strong></span> <span class='ocrx_word' id='word_1_81' title='bbox 1085 778 1243 849; x_wconf 77' lang='lat' dir='ltr'><strong>quievisset,</strong></span> <span class='ocrx_word' id='word_1_82' title='bbox 1263 779 1380 849; x_wconf 74' lang='lat' dir='ltr'><strong>qualiter</strong></span> <span class='ocrx_word' id='word_1_83' title='bbox 1397 782 1425 836; x_wconf 89' lang='lat' dir='ltr'><strong>in</strong></span> <span class='ocrx_word' id='word_1_84' title='bbox 1442 782 1585 852; x_wconf 89' lang='lat' dir='ltr'><strong>pistrinum</strong></span> <span class='ocrx_word' id='word_1_85' title='bbox 1605 783 1706 841; x_wconf 88' lang='lat' dir='ltr'><strong>clausis</strong></span> <span class='ocrx_word' id='word_1_86' title='bbox 1725 784 1816 855; x_wconf 80' lang='lat' dir='ltr'><strong>intruis</strong></span> <span class='ocrx_word' id='word_1_87' title='bbox 1835 790 1878 844; x_wconf 90' lang='lat' dir='ltr'><strong>in·</strong></span> 
     </span>
     <span class='ocr_line' id='line_1_7' title="bbox 242 871 1875 958; baseline 0.006 -28"><span class='ocrx_word' id='word_1_88' title='bbox 242 885 357 946; x_wconf 88' lang='lat' dir='ltr'><strong>aterque</strong></span> <span class='ocrx_word' id='word_1_89' title='bbox 374 889 404 930; x_wconf 90' lang='lat' dir='ltr'><strong>se</strong></span> <span class='ocrx_word' id='word_1_90' title='bbox 424 874 539 929; x_wconf 86' lang='lat' dir='ltr'><strong>invicem</strong></span> <span class='ocrx_word' id='word_1_91' title='bbox 555 882 669 958; x_wconf 78' lang='lat' dir='ltr'><strong>possunt</strong></span> <span class='ocrx_word' id='word_1_92' title='bbox 688 882 783 928; x_wconf 90' lang='lat' dir='ltr'><strong>mutua</strong></span> <span class='ocrx_word' id='word_1_93' title='bbox 805 871 1035 945; x_wconf 75' lang='lat' dir='ltr'><strong>contemplatione</strong></span> <span class='ocrx_word' id='word_1_94' title='bbox 1085 871 1161 943; x_wconf 75' lang='lat' dir='ltr'><strong>gredi</strong></span> <span class='ocrx_word' id='word_1_95' title='bbox 1177 874 1319 943; x_wconf 85' lang='lat' dir='ltr'><strong>potuisset.</strong></span> <span class='ocrx_word' id='word_1_96' title='bbox 1334 874 1368 930; x_wconf 85' lang='lat' dir='ltr'><strong>Et</strong></span> <span class='ocrx_word' id='word_1_97' title='bbox 1379 876 1487 947; x_wconf 89' lang='lat' dir='ltr'><strong>quidem</strong></span> <span class='ocrx_word' id='word_1_98' title='bbox 1504 877 1801 953; x_wconf 79' lang='lat' dir='ltr'><strong>deapostulislegitur,</strong></span> <span class='ocrx_word' id='word_1_99' title='bbox 1813 899 1875 940; x_wconf 88' lang='lat' dir='ltr'><strong>cum</strong></span> 
     </span>
     <span class='ocr_line' id='line_1_8' title="bbox 241 962 1877 1040; baseline 0.005 -18"><span class='ocrx_word' id='word_1_100' title='bbox 241 966 410 1037; x_wconf 77' lang='lat' dir='ltr'><strong>conspicere.</strong></span> <span class='ocrx_word' id='word_1_101' title='bbox 434 963 508 1021; x_wconf 88' lang='lat' dir='ltr'><strong>Beati</strong></span> <span class='ocrx_word' id='word_1_102' title='bbox 533 965 668 1036; x_wconf 89' lang='lat' dir='ltr'><strong>siquidem</strong></span> <span class='ocrx_word' id='word_1_103' title='bbox 694 964 742 1035; x_wconf 89' lang='lat' dir='ltr'><strong>qui</strong></span> <span class='ocrx_word' id='word_1_104' title='bbox 769 964 909 1020; x_wconf 79' lang='lat' dir='ltr'><strong>vobiscum</strong></span> <span class='ocrx_word' id='word_1_105' title='bbox 928 964 1033 1027; x_wconf 81' lang='lat' dir='ltr'><strong>rivum,</strong></span> <span class='ocrx_word' id='word_1_106' title='bbox 1085 962 1218 1019; x_wconf 89' lang='lat' dir='ltr'><strong>educendi</strong></span> <span class='ocrx_word' id='word_1_107' title='bbox 1238 974 1331 1020; x_wconf 91' lang='lat' dir='ltr'><strong>essent</strong></span> <span class='ocrx_word' id='word_1_108' title='bbox 1356 967 1390 1021; x_wconf 91' lang='lat' dir='ltr'><strong>de</strong></span> <span class='ocrx_word' id='word_1_109' title='bbox 1412 967 1534 1023; x_wconf 90' lang='lat' dir='ltr'><strong>custodia</strong></span> <span class='ocrx_word' id='word_1_110' title='bbox 1562 968 1669 1040; x_wconf 85' lang='lat' dir='ltr'><strong>publica</strong></span> <span class='ocrx_word' id='word_1_111' title='bbox 1686 989 1722 1024; x_wconf 83' lang='lat' dir='ltr'><strong>:r</strong></span> <span class='ocrx_word' id='word_1_112' title='bbox 1745 970 1815 1040; x_wconf 81' lang='lat' dir='ltr'><strong>Quia</strong></span> <span class='ocrx_word' id='word_1_113' title='bbox 1829 990 1877 1031; x_wconf 85' lang='lat' dir='ltr'><strong>ue-</strong></span> 
     </span>
     <span class='ocr_line' id='line_1_9' title="bbox 241 1051 1876 1132; baseline 0.006 -20"><span class='ocrx_word' id='word_1_114' title='bbox 241 1057 313 1112; x_wconf 90' lang='lat' dir='ltr'><strong>beati</strong></span> <span class='ocrx_word' id='word_1_115' title='bbox 342 1056 389 1127; x_wconf 92' lang='lat' dir='ltr'><strong>qui</strong></span> <span class='ocrx_word' id='word_1_116' title='bbox 413 1055 485 1111; x_wconf 89' lang='lat' dir='ltr'><strong>inter</strong></span> <span class='ocrx_word' id='word_1_117' title='bbox 501 1071 550 1112; x_wconf 86' lang='lat' dir='ltr'><strong>ros</strong></span> <span class='ocrx_word' id='word_1_118' title='bbox 567 1065 595 1112; x_wconf 92' lang='lat' dir='ltr'><strong>et</strong></span> <span class='ocrx_word' id='word_1_119' title='bbox 618 1055 646 1112; x_wconf 87' lang='lat' dir='ltr'><strong>in</strong></span> <span class='ocrx_word' id='word_1_120' title='bbox 668 1056 771 1112; x_wconf 91' lang='lat' dir='ltr'><strong>sanctis</strong></span> <span class='ocrx_word' id='word_1_121' title='bbox 794 1056 922 1130; x_wconf 91' lang='lat' dir='ltr'><strong>operibus</strong></span> <span class='ocrx_word' id='word_1_122' title='bbox 935 1056 1035 1111; x_wconf 85' lang='lat' dir='ltr'><strong>restris</strong></span> <span class='ocrx_word' id='word_1_123' title='bbox 1086 1053 1165 1111; x_wconf 89' lang='lat' dir='ltr'><strong>niens</strong></span> <span class='ocrx_word' id='word_1_124' title='bbox 1180 1054 1294 1128; x_wconf 75' lang='lat' dir='ltr'><strong>angulus</strong></span> <span class='ocrx_word' id='word_1_125' title='bbox 1319 1056 1436 1121; x_wconf 81' lang='lat' dir='ltr'><strong>Domini,</strong></span> <span class='ocrx_word' id='word_1_126' title='bbox 1459 1051 1627 1128; x_wconf 88' lang='lat' dir='ltr'><strong>pernoctem</strong></span> <span class='ocrx_word' id='word_1_127' title='bbox 1641 1062 1876 1132; x_wconf 81' lang='lat' dir='ltr'><strong>aperiensjattnas</strong></span> 
     </span>
     <span class='ocr_line' id='line_1_10' title="bbox 242 1142 1877 1223; baseline 0.004 -21"><span class='ocrx_word' id='word_1_128' title='bbox 242 1147 405 1202; x_wconf 85' lang='lat' dir='ltr'><strong>moriuntur.</strong></span> <span class='ocrx_word' id='word_1_129' title='bbox 425 1146 474 1202; x_wconf 79' lang='lat' dir='ltr'><strong>Pia</strong></span> <span class='ocrx_word' id='word_1_130' title='bbox 498 1146 626 1202; x_wconf 87' lang='lat' dir='ltr'><strong>nimirum</strong></span> <span class='ocrx_word' id='word_1_131' title='bbox 650 1147 702 1203; x_wconf 89' lang='lat' dir='ltr'><strong>lide</strong></span> <span class='ocrx_word' id='word_1_132' title='bbox 729 1145 893 1202; x_wconf 89' lang='lat' dir='ltr'><strong>credendum</strong></span> <span class='ocrx_word' id='word_1_133' title='bbox 913 1155 957 1202; x_wconf 86' lang='lat' dir='ltr'><strong>est</strong></span> <span class='ocrx_word' id='word_1_134' title='bbox 970 1142 1047 1215; x_wconf 80' lang='lat' dir='ltr'><strong>quia&#39;</strong></span> <span class='ocrx_word' id='word_1_135' title='bbox 1085 1143 1215 1211; x_wconf 86' lang='lat' dir='ltr'><strong>carceris,</strong></span> <span class='ocrx_word' id='word_1_136' title='bbox 1227 1152 1255 1200; x_wconf 92' lang='lat' dir='ltr'><strong>et</strong></span> <span class='ocrx_word' id='word_1_137' title='bbox 1267 1144 1385 1202; x_wconf 87' lang='lat' dir='ltr'><strong>educens</strong></span> <span class='ocrx_word' id='word_1_138' title='bbox 1399 1161 1457 1213; x_wconf 89' lang='lat' dir='ltr'><strong>eos,</strong></span> <span class='ocrx_word' id='word_1_139' title='bbox 1468 1147 1556 1203; x_wconf 89' lang='lat' dir='ltr'><strong>dixit:</strong></span> <span class='ocrx_word' id='word_1_140' title='bbox 1572 1147 1620 1213; x_wconf 90' lang='lat' dir='ltr'><strong>ite,</strong></span> <span class='ocrx_word' id='word_1_141' title='bbox 1634 1158 1662 1206; x_wconf 89' lang='lat' dir='ltr'><strong>et</strong></span> <span class='ocrx_word' id='word_1_142' title='bbox 1673 1159 1776 1208; x_wconf 82' lang='lat' dir='ltr'><strong>stantes</strong></span> <span class='ocrx_word' id='word_1_143' title='bbox 1791 1151 1877 1223; x_wconf 88' lang='lat' dir='ltr'><strong>ioqui·</strong></span> 
     </span>
     <span class='ocr_line' id='line_1_11' title="bbox 241 1231 1877 1314; baseline 0.004 -21"><span class='ocrx_word' id='word_1_144' title='bbox 241 1238 313 1293; x_wconf 88' lang='lat' dir='ltr'><strong>scala</strong></span> <span class='ocrx_word' id='word_1_145' title='bbox 325 1237 371 1293; x_wconf 91' lang='lat' dir='ltr'><strong>illa</strong></span> <span class='ocrx_word' id='word_1_146' title='bbox 386 1254 447 1308; x_wconf 75' lang='lat' dir='ltr'><strong>qna</strong></span> <span class='ocrx_word' id='word_1_147' title='bbox 465 1238 499 1293; x_wconf 90' lang='lat' dir='ltr'><strong>de</strong></span> <span class='ocrx_word' id='word_1_148' title='bbox 508 1236 608 1294; x_wconf 86' lang='lat' dir='ltr'><strong>Casino</strong></span> <span class='ocrx_word' id='word_1_149' title='bbox 623 1246 714 1293; x_wconf 89' lang='lat' dir='ltr'><strong>monte</strong></span> <span class='ocrx_word' id='word_1_150' title='bbox 725 1236 790 1293; x_wconf 91' lang='lat' dir='ltr'><strong>olim</strong></span> <span class='ocrx_word' id='word_1_151' title='bbox 804 1236 831 1292; x_wconf 91' lang='lat' dir='ltr'><strong>in</strong></span> <span class='ocrx_word' id='word_1_152' title='bbox 850 1235 949 1293; x_wconf 87' lang='lat' dir='ltr'><strong>coelum</strong></span> <span class='ocrx_word' id='word_1_153' title='bbox 960 1236 1035 1292; x_wconf 81' lang='lat' dir='ltr'><strong>vide·</strong></span> <span class='ocrx_word' id='word_1_154' title='bbox 1085 1232 1151 1288; x_wconf 90' lang='lat' dir='ltr'><strong>mini</strong></span> <span class='ocrx_word' id='word_1_155' title='bbox 1166 1231 1193 1288; x_wconf 89' lang='lat' dir='ltr'><strong>ia</strong></span> <span class='ocrx_word' id='word_1_156' title='bbox 1207 1233 1307 1305; x_wconf 89' lang='lat' dir='ltr'><strong>templo</strong></span> <span class='ocrx_word' id='word_1_157' title='bbox 1317 1234 1399 1307; x_wconf 85' lang='lat' dir='ltr'><strong>plebi,</strong></span> <span class='ocrx_word' id='word_1_158' title='bbox 1411 1238 1502 1292; x_wconf 84' lang='lat' dir='ltr'><strong>anania</strong></span> <span class='ocrx_word' id='word_1_159' title='bbox 1523 1239 1604 1293; x_wconf 88' lang='lat' dir='ltr'><strong>rerba</strong></span> <span class='ocrx_word' id='word_1_160' title='bbox 1623 1240 1686 1295; x_wconf 82' lang='lat' dir='ltr'><strong>uitae</strong></span> <span class='ocrx_word' id='word_1_161' title='bbox 1707 1241 1787 1311; x_wconf 82' lang='lat' dir='ltr'><strong>bujns</strong></span> <span class='ocrx_word' id='word_1_162' title='bbox 1805 1246 1877 1314; x_wconf 80' lang='lat' dir='ltr'><strong>(det.</strong></span> 
     </span>
     <span class='ocr_line' id='line_1_12' title="bbox 241 1322 1877 1401; baseline 0.004 -20"><span class='ocrx_word' id='word_1_163' title='bbox 241 1325 321 1383; x_wconf 89' lang='lat' dir='ltr'><strong>batur</strong></span> <span class='ocrx_word' id='word_1_164' title='bbox 334 1337 437 1394; x_wconf 83' lang='lat' dir='ltr'><strong>erecta,</strong></span> <span class='ocrx_word' id='word_1_165' title='bbox 460 1328 549 1383; x_wconf 88' lang='lat' dir='ltr'><strong>adbuc</strong></span> <span class='ocrx_word' id='word_1_166' title='bbox 573 1326 663 1398; x_wconf 90' lang='lat' dir='ltr'><strong>palliis</strong></span> <span class='ocrx_word' id='word_1_167' title='bbox 687 1335 787 1392; x_wconf 87' lang='lat' dir='ltr'><strong>strata,</strong></span> <span class='ocrx_word' id='word_1_168' title='bbox 809 1325 1035 1398; x_wconf 76' lang='lat' dir='ltr'><strong>lampadibusque</strong></span> <span class='ocrx_word' id='word_1_169' title='bbox 1086 1323 1124 1392; x_wconf 80' lang='lat' dir='ltr'><strong>ul.</strong></span> <span class='ocrx_word' id='word_1_170' title='bbox 1145 1322 1212 1379; x_wconf 72' lang='lat' dir='ltr'><strong>»lle</strong></span> <span class='ocrx_word' id='word_1_171' title='bbox 1227 1323 1411 1381; x_wconf 85' lang='lat' dir='ltr'><strong>Petroautem</strong></span> <span class='ocrx_word' id='word_1_172' title='bbox 1437 1342 1534 1382; x_wconf 88' lang='lat' dir='ltr'><strong>rursus</strong></span> <span class='ocrx_word' id='word_1_173' title='bbox 1560 1328 1677 1401; x_wconf 77' lang='lat' dir='ltr'><strong>legitur:</strong></span> <span class='ocrx_word' id='word_1_174' title='bbox 1692 1347 1702 1383; x_wconf 92' lang='lat' dir='ltr'><strong>t</strong></span> <span class='ocrx_word' id='word_1_175' title='bbox 1718 1331 1787 1398; x_wconf 82' lang='lat' dir='ltr'><strong>Quia</strong></span> <span class='ocrx_word' id='word_1_176' title='bbox 1814 1348 1877 1390; x_wconf 86' lang='lat' dir='ltr'><strong>curu</strong></span> 
     </span>
     <span class='ocr_line' id='line_1_13' title="bbox 241 1412 1877 1498; baseline 0.001 -23"><span class='ocrx_word' id='word_1_177' title='bbox 241 1427 366 1498; x_wconf 82' lang='lat' dir='ltr'><strong>coruscat</strong></span> <span class='ocrx_word' id='word_1_178' title='bbox 382 1418 425 1491; x_wconf 87' lang='lat' dir='ltr'><strong>(S.</strong></span> <span class='ocrx_word' id='word_1_179' title='bbox 440 1418 526 1476; x_wconf 80' lang='lat' dir='ltr'><strong>Grau.</strong></span> <span class='ocrx_word' id='word_1_180' title='bbox 542 1418 590 1476; x_wconf 90' lang='lat' dir='ltr'><strong>lib.</strong></span> <span class='ocrx_word' id='word_1_181' title='bbox 605 1435 625 1475; x_wconf 90' lang='grc' dir='ltr'><strong>ιι</strong></span> <span class='ocrx_word' id='word_1_182' title='bbox 641 1418 747 1491; x_wconf 80' lang='lat' dir='ltr'><strong>biuioq.</strong></span> <span class='ocrx_word' id='word_1_183' title='bbox 762 1433 787 1474; x_wconf 89' lang='lat' dir='ltr'><strong>c.</strong></span> <span class='ocrx_word' id='word_1_184' title='bbox 802 1419 859 1483; x_wconf 72' lang='lat' dir='ltr'><strong>bil.</strong></span> <span class='ocrx_word' id='word_1_185' title='bbox 876 1417 954 1475; x_wconf 85' lang='lat' dir='ltr'><strong>Sient</strong></span> <span class='ocrx_word' id='word_1_186' title='bbox 970 1427 1035 1475; x_wconf 90' lang='lat' dir='ltr'><strong>tanc</strong></span> <span class='ocrx_word' id='word_1_187' title='bbox 1085 1413 1252 1483; x_wconf 80' lang='lat' dir='ltr'><strong>praecederet</strong></span> <span class='ocrx_word' id='word_1_188' title='bbox 1264 1427 1326 1468; x_wconf 89' lang='lat' dir='ltr'><strong>eum</strong></span> <span class='ocrx_word' id='word_1_189' title='bbox 1341 1412 1453 1486; x_wconf 74' lang='lat' dir='ltr'><strong>ariqetns</strong></span> <span class='ocrx_word' id='word_1_190' title='bbox 1475 1416 1510 1470; x_wconf 88' lang='lat' dir='ltr'><strong>dc</strong></span> <span class='ocrx_word' id='word_1_191' title='bbox 1530 1432 1642 1473; x_wconf 85' lang='lat' dir='ltr'><strong>caruere</strong></span> <span class='ocrx_word' id='word_1_192' title='bbox 1655 1420 1689 1473; x_wconf 90' lang='lat' dir='ltr'><strong>ad</strong></span> <span class='ocrx_word' id='word_1_193' title='bbox 1700 1430 1805 1491; x_wconf 89' lang='lat' dir='ltr'><strong>portam</strong></span> <span class='ocrx_word' id='word_1_194' title='bbox 1820 1421 1877 1478; x_wconf 86' lang='lat' dir='ltr'><strong>ter-</strong></span> 
     </span>
     <span class='ocr_line' id='line_1_14' title="bbox 241 1501 1877 1584; baseline 0.001 -17"><span class='ocrx_word' id='word_1_195' title='bbox 241 1514 347 1584; x_wconf 86' lang='lat' dir='ltr'><strong>exoepit</strong></span> <span class='ocrx_word' id='word_1_196' title='bbox 362 1513 469 1578; x_wconf 86' lang='lat' dir='ltr'><strong>dnoem,</strong></span> <span class='ocrx_word' id='word_1_197' title='bbox 491 1512 528 1569; x_wconf 85' lang='lat' dir='ltr'><strong>ita</strong></span> <span class='ocrx_word' id='word_1_198' title='bbox 553 1527 626 1567; x_wconf 89' lang='lat' dir='ltr'><strong>nnnc</strong></span> <span class='ocrx_word' id='word_1_199' title='bbox 644 1512 794 1567; x_wconf 89' lang='lat' dir='ltr'><strong>exercitum</strong></span> <span class='ocrx_word' id='word_1_200' title='bbox 815 1509 976 1566; x_wconf 71' lang='lat' dir='ltr'><strong>transmittit</strong></span> <span class='ocrx_word' id='word_1_201' title='bbox 999 1510 1036 1565; x_wconf 85' lang='lat' dir='ltr'><strong>ad</strong></span> <span class='ocrx_word' id='word_1_202' title='bbox 1085 1517 1172 1570; x_wconf 77' lang='lat' dir='ltr'><strong>ream,</strong></span> <span class='ocrx_word' id='word_1_203' title='bbox 1196 1501 1270 1558; x_wconf 74' lang='lat' dir='ltr'><strong>blito</strong></span> <span class='ocrx_word' id='word_1_204' title='bbox 1291 1511 1385 1572; x_wconf 72' lang='lat' dir='ltr'><strong>alletia</strong></span> <span class='ocrx_word' id='word_1_205' title='bbox 1411 1513 1454 1560; x_wconf 75' lang='lat' dir='ltr'><strong>est</strong></span> <span class='ocrx_word' id='word_1_206' title='bbox 1481 1507 1522 1562; x_wconf 87' lang='lat' dir='ltr'><strong>eis</strong></span> <span class='ocrx_word' id='word_1_207' title='bbox 1540 1507 1610 1579; x_wconf 79' lang='lat' dir='ltr'><strong>(Act.</strong></span> <span class='ocrx_word' id='word_1_208' title='bbox 1628 1507 1689 1581; x_wconf 82' lang='lat' dir='ltr'><strong>xri).</strong></span> <span class='ocrx_word' id='word_1_209' title='bbox 1705 1528 1716 1563; x_wconf 85' lang='lat' dir='ltr'><strong>r</strong></span> <span class='ocrx_word' id='word_1_210' title='bbox 1734 1511 1773 1566; x_wconf 84' lang='lat' dir='ltr'><strong>lle</strong></span> <span class='ocrx_word' id='word_1_211' title='bbox 1793 1510 1877 1568; x_wconf 86' lang='lat' dir='ltr'><strong>Paulo</strong></span> 
     </span>
     <span class='ocr_line' id='line_1_15' title="bbox 241 1592 1878 1674; baseline 0.001 -15"><span class='ocrx_word' id='word_1_212' title='bbox 241 1602 365 1659; x_wconf 73' lang='lat' dir='ltr'><strong>calestia</strong></span> <span class='ocrx_word' id='word_1_213' title='bbox 378 1603 602 1674; x_wconf 68' lang='lat' dir='ltr'><strong>subsequentem</strong></span> <span class='ocrx_word' id='word_1_214' title='bbox 620 1616 670 1658; x_wconf 87' lang='lat' dir='ltr'><strong>nec</strong></span> <span class='ocrx_word' id='word_1_215' title='bbox 681 1602 715 1657; x_wconf 93' lang='lat' dir='ltr'><strong>ab</strong></span> <span class='ocrx_word' id='word_1_216' title='bbox 728 1600 915 1673; x_wconf 80' lang='lat' dir='ltr'><strong>ejrtsqiorioso</strong></span> <span class='ocrx_word' id='word_1_217' title='bbox 926 1601 1035 1657; x_wconf 87' lang='lat' dir='ltr'><strong>tramite</strong></span> <span class='ocrx_word' id='word_1_218' title='bbox 1085 1594 1168 1649; x_wconf 89' lang='lat' dir='ltr'><strong>etiam</strong></span> <span class='ocrx_word' id='word_1_219' title='bbox 1186 1612 1194 1649; x_wconf 65' lang='grc' dir='ltr'><em>τ</em></span> <span class='ocrx_word' id='word_1_220' title='bbox 1212 1611 1223 1645; x_wconf 74' lang='lat'><em>⁴</em></span> <span class='ocrx_word' id='word_1_221' title='bbox 1241 1592 1310 1661; x_wconf 67' lang='lat'><strong>0⁰5³</strong></span> <span class='ocrx_word' id='word_1_222' title='bbox 1335 1595 1425 1650; x_wconf 90' lang='lat' dir='ltr'><strong>subito</strong></span> <span class='ocrx_word' id='word_1_223' title='bbox 1448 1605 1528 1652; x_wconf 69' lang='lat' dir='ltr'><strong>ielrae</strong></span> <span class='ocrx_word' id='word_1_224' title='bbox 1550 1608 1639 1654; x_wconf 85' lang='lat' dir='ltr'><strong>nrotas</strong></span> <span class='ocrx_word' id='word_1_225' title='bbox 1653 1598 1741 1656; x_wconf 90' lang='lat' dir='ltr'><strong>lactus</strong></span> <span class='ocrx_word' id='word_1_226' title='bbox 1762 1611 1804 1658; x_wconf 80' lang='lat' dir='ltr'><strong>eat</strong></span> <span class='ocrx_word' id='word_1_227' title='bbox 1820 1618 1878 1658; x_wconf 87' lang='lat' dir='ltr'><strong>nta-</strong></span> 
     </span>
     <span class='ocr_line' id='line_1_16' title="bbox 241 1687 1880 1764; baseline 0 -15"><span class='ocrx_word' id='word_1_228' title='bbox 241 1693 396 1749; x_wconf 78' lang='lat' dir='ltr'><strong>exorbitant</strong></span> <span class='ocrx_word' id='word_1_229' title='bbox 411 1693 581 1749; x_wconf 75' lang='lat' dir='ltr'><strong>declinantes</strong></span> <span class='ocrx_word' id='word_1_230' title='bbox 595 1691 652 1762; x_wconf 78' lang='lat' dir='ltr'><strong>iarn</strong></span> <span class='ocrx_word' id='word_1_231' title='bbox 667 1691 799 1758; x_wconf 77' lang='lat' dir='ltr'><strong>defuncti,</strong></span> <span class='ocrx_word' id='word_1_232' title='bbox 820 1692 909 1764; x_wconf 84' lang='lat' dir='ltr'><strong>cujus,</strong></span> <span class='ocrx_word' id='word_1_233' title='bbox 924 1691 988 1748; x_wconf 89' lang='lat' dir='ltr'><strong>dam</strong></span> <span class='ocrx_word' id='word_1_234' title='bbox 1005 1693 1033 1747; x_wconf 90' lang='lat' dir='ltr'><strong>in</strong></span> <span class='ocrx_word' id='word_1_235' title='bbox 1086 1701 1166 1758; x_wconf 77' lang='lat' dir='ltr'><strong>ssdtt,</strong></span> <span class='ocrx_word' id='word_1_236' title='bbox 1192 1687 1231 1742; x_wconf 87' lang='lat' dir='ltr'><strong>ita</strong></span> <span class='ocrx_word' id='word_1_237' title='bbox 1254 1695 1285 1741; x_wconf 91' lang='lat' dir='ltr'><strong>nt</strong></span> <span class='ocrx_word' id='word_1_238' title='bbox 1309 1696 1485 1743; x_wconf 83' lang='lat' dir='ltr'><strong>morerentur</strong></span> <span class='ocrx_word' id='word_1_239' title='bbox 1511 1688 1685 1745; x_wconf 78' lang='lat' dir='ltr'><strong>fundamenta</strong></span> <span class='ocrx_word' id='word_1_240' title='bbox 1703 1692 1833 1759; x_wconf 86' lang='lat' dir='ltr'><strong>carceris,</strong></span> <span class='ocrx_word' id='word_1_241' title='bbox 1851 1705 1880 1749; x_wconf 85' lang='lat' dir='ltr'><strong>et</strong></span> 
     </span>
     <span class='ocr_line' id='line_1_17' title="bbox 240 1775 1879 1869; baseline -0.001 -28"><span class='ocrx_word' id='word_1_242' title='bbox 240 1785 292 1841; x_wconf 90' lang='lat' dir='ltr'><strong>boc</strong></span> <span class='ocrx_word' id='word_1_243' title='bbox 303 1786 400 1843; x_wconf 83' lang='lat' dir='ltr'><strong>exsilio</strong></span> <span class='ocrx_word' id='word_1_244' title='bbox 417 1786 553 1851; x_wconf 84' lang='lat' dir='ltr'><strong>virerent,</strong></span> <span class='ocrx_word' id='word_1_245' title='bbox 576 1784 690 1855; x_wconf 76' lang='lat' dir='ltr'><strong>vestigia</strong></span> <span class='ocrx_word' id='word_1_246' title='bbox 713 1793 778 1840; x_wconf 90' lang='lat' dir='ltr'><strong>sunt</strong></span> <span class='ocrx_word' id='word_1_247' title='bbox 799 1783 897 1839; x_wconf 86' lang='lat' dir='ltr'><strong>secuti.</strong></span> <span class='ocrx_word' id='word_1_248' title='bbox 913 1782 971 1838; x_wconf 87' lang='lat' dir='ltr'><strong>lioc</strong></span> <span class='ocrx_word' id='word_1_249' title='bbox 991 1791 1032 1838; x_wconf 87' lang='lat' dir='ltr'><strong>est</strong></span> <span class='ocrx_word' id='word_1_250' title='bbox 1049 1809 1071 1869; x_wconf 74' lang='lat' dir='ltr'>B</span> <span class='ocrx_word' id='word_1_251' title='bbox 1086 1775 1231 1832; x_wconf 76' lang='lat' dir='ltr'><strong>confestim</strong></span> <span class='ocrx_word' id='word_1_252' title='bbox 1244 1785 1338 1847; x_wconf 87' lang='lat' dir='ltr'><strong>aperta</strong></span> <span class='ocrx_word' id='word_1_253' title='bbox 1351 1786 1415 1834; x_wconf 90' lang='lat' dir='ltr'><strong>sunt</strong></span> <span class='ocrx_word' id='word_1_254' title='bbox 1426 1779 1495 1834; x_wconf 88' lang='lat' dir='ltr'><strong>ostia</strong></span> <span class='ocrx_word' id='word_1_255' title='bbox 1514 1781 1615 1846; x_wconf 89' lang='lat' dir='ltr'><strong>omnin,</strong></span> <span class='ocrx_word' id='word_1_256' title='bbox 1639 1790 1668 1836; x_wconf 88' lang='lat' dir='ltr'><strong>et</strong></span> <span class='ocrx_word' id='word_1_257' title='bbox 1689 1782 1879 1840; x_wconf 82' lang='lat' dir='ltr'><strong>astitersurnm</strong></span> 
     </span>
     <span class='ocr_line' id='line_1_18' title="bbox 241 1865 1879 1948; baseline -0.007 -10"><span class='ocrx_word' id='word_1_258' title='bbox 241 1880 327 1938; x_wconf 83' lang='lat' dir='ltr'><strong>intimi</strong></span> <span class='ocrx_word' id='word_1_259' title='bbox 343 1878 460 1935; x_wconf 80' lang='lat' dir='ltr'><strong>lectoris</strong></span> <span class='ocrx_word' id='word_1_260' title='bbox 485 1877 640 1933; x_wconf 88' lang='lat' dir='ltr'><strong>incendium</strong></span> <span class='ocrx_word' id='word_1_261' title='bbox 654 1875 719 1931; x_wconf 88' lang='lat' dir='ltr'><strong>illud</strong></span> <span class='ocrx_word' id='word_1_262' title='bbox 733 1875 806 1948; x_wconf 91' lang='lat' dir='ltr'><strong>qood</strong></span> <span class='ocrx_word' id='word_1_263' title='bbox 821 1874 886 1931; x_wconf 85' lang='lat' dir='ltr'><strong>mibi</strong></span> <span class='ocrx_word' id='word_1_264' title='bbox 900 1874 1032 1931; x_wconf 76' lang='lat' dir='ltr'><strong>inexstin-</strong></span> <span class='ocrx_word' id='word_1_265' title='bbox 1083 1866 1193 1925; x_wconf 60' lang='lat' dir='ltr'><strong>tinctile</strong></span> <span class='ocrx_word' id='word_1_266' title='bbox 1218 1865 1307 1924; x_wconf 72' lang='lat' dir='ltr'><strong>soluta</strong></span> <span class='ocrx_word' id='word_1_267' title='bbox 1334 1878 1398 1925; x_wconf 76' lang='lat' dir='ltr'><strong>tuni</strong></span> <span class='ocrx_word' id='word_1_268' title='bbox 1409 1869 1479 1942; x_wconf 76' lang='lat' dir='ltr'><strong>(Act.</strong></span> <span class='ocrx_word' id='word_1_269' title='bbox 1495 1871 1563 1941; x_wconf 78' lang='lat' dir='ltr'><strong>att).</strong></span> <span class='ocrx_word' id='word_1_270' title='bbox 1578 1889 1589 1923; x_wconf 83' lang='lat' dir='ltr'><strong>a</strong></span> <span class='ocrx_word' id='word_1_271' title='bbox 1607 1869 1692 1928; x_wconf 82' lang='lat' dir='ltr'><strong>Porro</strong></span> <span class='ocrx_word' id='word_1_272' title='bbox 1706 1880 1797 1929; x_wconf 87' lang='lat' dir='ltr'><strong>autem</strong></span> <span class='ocrx_word' id='word_1_273' title='bbox 1816 1889 1879 1929; x_wconf 89' lang='lat' dir='ltr'><strong>cum</strong></span> 
     </span>
     <span class='ocr_line' id='line_1_19' title="bbox 240 1961 1880 2042; baseline -0.004 -17"><span class='ocrx_word' id='word_1_274' title='bbox 240 1965 484 2042; x_wconf 77' lang='lat' dir='ltr'><strong>quibiliterdaqrat</strong></span> <span class='ocrx_word' id='word_1_275' title='bbox 503 1966 530 2022; x_wconf 92' lang='lat' dir='ltr'><strong>in</strong></span> <span class='ocrx_word' id='word_1_276' title='bbox 552 1966 647 2033; x_wconf 89' lang='lat' dir='ltr'><strong>corde,</strong></span> <span class='ocrx_word' id='word_1_277' title='bbox 662 1966 721 2024; x_wconf 73' lang='lat' dir='ltr'><strong>bac</strong></span> <span class='ocrx_word' id='word_1_278' title='bbox 747 1979 845 2036; x_wconf 80' lang='lat' dir='ltr'><strong>perpes</strong></span> <span class='ocrx_word' id='word_1_279' title='bbox 862 1963 953 2019; x_wconf 87' lang='lat' dir='ltr'><strong>iabuia</strong></span> <span class='ocrx_word' id='word_1_280' title='bbox 972 1977 1034 2034; x_wconf 77' lang='lat' dir='ltr'><strong>qua</strong></span> <span class='ocrx_word' id='word_1_281' title='bbox 1083 1961 1180 2030; x_wconf 83' lang='lat' dir='ltr'><strong>beatos</strong></span> <span class='ocrx_word' id='word_1_282' title='bbox 1192 1961 1423 2032; x_wconf 87' lang='lat' dir='ltr'><strong>apostolosetiam</strong></span> <span class='ocrx_word' id='word_1_283' title='bbox 1445 1962 1535 2034; x_wconf 76' lang='lat' dir='ltr'><strong>angeli</strong></span> <span class='ocrx_word' id='word_1_284' title='bbox 1548 1963 1583 2019; x_wconf 94' lang='lat' dir='ltr'><strong>de</strong></span> <span class='ocrx_word' id='word_1_285' title='bbox 1600 1964 1733 2022; x_wconf 89' lang='lat' dir='ltr'><strong>custodiis</strong></span> <span class='ocrx_word' id='word_1_286' title='bbox 1749 1967 1880 2023; x_wconf 86' lang='lat' dir='ltr'><strong>noneda-</strong></span> 
     </span>
     <span class='ocr_line' id='line_1_20' title="bbox 206 2053 1880 2126; baseline 0 -12"><span class='ocrx_word' id='word_1_287' title='bbox 206 2069 214 2078; x_wconf 86' lang='lat'><strong>·</strong></span> <span class='ocrx_word' id='word_1_288' title='bbox 240 2075 300 2116; x_wconf 85' lang='lat' dir='ltr'><strong>nreo</strong></span> <span class='ocrx_word' id='word_1_289' title='bbox 313 2067 440 2114; x_wconf 84' lang='lat' dir='ltr'><strong>versatur</strong></span> <span class='ocrx_word' id='word_1_290' title='bbox 454 2058 553 2114; x_wconf 89' lang='lat' dir='ltr'><strong>inore.</strong></span> <span class='ocrx_word' id='word_1_291' title='bbox 570 2055 645 2113; x_wconf 93' lang='lat' dir='ltr'><strong>lnter</strong></span> <span class='ocrx_word' id='word_1_292' title='bbox 657 2066 773 2112; x_wconf 75' lang='lat' dir='ltr'><strong>cataros</strong></span> <span class='ocrx_word' id='word_1_293' title='bbox 790 2063 881 2111; x_wconf 88' lang='lat' dir='ltr'><strong>autem</strong></span> <span class='ocrx_word' id='word_1_294' title='bbox 899 2054 1032 2110; x_wconf 81' lang='lat' dir='ltr'><strong>uirtutum</strong></span> <span class='ocrx_word' id='word_1_295' title='bbox 1083 2062 1189 2121; x_wconf 82' lang='lat' dir='ltr'><strong>cenent,</strong></span> <span class='ocrx_word' id='word_1_296' title='bbox 1201 2053 1254 2111; x_wconf 89' lang='lat' dir='ltr'><strong>nisi</strong></span> <span class='ocrx_word' id='word_1_297' title='bbox 1270 2055 1347 2125; x_wconf 89' lang='lat' dir='ltr'><strong>prius</strong></span> <span class='ocrx_word' id='word_1_298' title='bbox 1355 2054 1456 2126; x_wconf 76' lang='lat' dir='ltr'><strong>ianuas</strong></span> <span class='ocrx_word' id='word_1_299' title='bbox 1469 2055 1618 2126; x_wconf 87' lang='lat' dir='ltr'><strong>aperirent,</strong></span> <span class='ocrx_word' id='word_1_300' title='bbox 1633 2056 1733 2112; x_wconf 89' lang='lat' dir='ltr'><strong>mirum</strong></span> <span class='ocrx_word' id='word_1_301' title='bbox 1746 2070 1790 2113; x_wconf 88' lang='lat' dir='ltr'><strong>est</strong></span> <span class='ocrx_word' id='word_1_302' title='bbox 1802 2056 1880 2113; x_wconf 84' lang='lat' dir='ltr'><strong>raldo</strong></span> 
     </span>
     <span class='ocr_line' id='line_1_21' title="bbox 239 2143 1880 2219; baseline -0.001 -13"><span class='ocrx_word' id='word_1_303' title='bbox 239 2148 319 2206; x_wconf 82' lang='lat' dir='ltr'><strong>dores</strong></span> <span class='ocrx_word' id='word_1_304' title='bbox 333 2163 403 2219; x_wconf 87' lang='lat' dir='ltr'><strong>quos</strong></span> <span class='ocrx_word' id='word_1_305' title='bbox 418 2147 445 2203; x_wconf 95' lang='lat' dir='ltr'><strong>in</strong></span> <span class='ocrx_word' id='word_1_306' title='bbox 461 2147 508 2202; x_wconf 93' lang='lat' dir='ltr'><strong>illo</strong></span> <span class='ocrx_word' id='word_1_307' title='bbox 524 2161 590 2217; x_wconf 81' lang='lat' dir='ltr'><strong>aqro</strong></span> <span class='ocrx_word' id='word_1_308' title='bbox 606 2147 699 2217; x_wconf 92' lang='lat' dir='ltr'><strong>plenu,</strong></span> <span class='ocrx_word' id='word_1_309' title='bbox 717 2146 762 2201; x_wconf 92' lang='lat' dir='ltr'><strong>cui</strong></span> <span class='ocrx_word' id='word_1_310' title='bbox 780 2144 919 2202; x_wconf 80' lang='lat' dir='ltr'><strong>benedixit</strong></span> <span class='ocrx_word' id='word_1_311' title='bbox 939 2143 1032 2201; x_wconf 85' lang='lat' dir='ltr'><strong>boni·</strong></span> <span class='ocrx_word' id='word_1_312' title='bbox 1084 2146 1220 2218; x_wconf 91' lang='lat' dir='ltr'><strong>quomodo</strong></span> <span class='ocrx_word' id='word_1_313' title='bbox 1237 2161 1307 2218; x_wconf 90' lang='lat' dir='ltr'><strong>puer</strong></span> <span class='ocrx_word' id='word_1_314' title='bbox 1324 2146 1368 2202; x_wconf 86' lang='lat' dir='ltr'><strong>rel</strong></span> <span class='ocrx_word' id='word_1_315' title='bbox 1387 2147 1500 2217; x_wconf 74' lang='lat' dir='ltr'><strong>magicis</strong></span> <span class='ocrx_word' id='word_1_316' title='bbox 1527 2147 1633 2206; x_wconf 89' lang='lat' dir='ltr'><strong>artibus</strong></span> <span class='ocrx_word' id='word_1_317' title='bbox 1657 2148 1807 2214; x_wconf 88' lang='lat' dir='ltr'><strong>homiuum,</strong></span> <span class='ocrx_word' id='word_1_318' title='bbox 1836 2149 1880 2205; x_wconf 85' lang='lat' dir='ltr'><strong>rcl</strong></span> 
     </span>
     <span class='ocr_line' id='line_1_22' title="bbox 240 2235 1881 2313; baseline 0.001 -17"><span class='ocrx_word' id='word_1_319' title='bbox 240 2256 291 2297; x_wconf 90' lang='lat' dir='ltr'><strong>nos</strong></span> <span class='ocrx_word' id='word_1_320' title='bbox 305 2238 382 2313; x_wconf 79' lang='lat' dir='ltr'><strong>(Gen.</strong></span> <span class='ocrx_word' id='word_1_321' title='bbox 398 2240 495 2311; x_wconf 84' lang='lat' dir='ltr'><strong>xtttt),</strong></span> <span class='ocrx_word' id='word_1_322' title='bbox 511 2236 611 2309; x_wconf 86' lang='lat' dir='ltr'><strong>reperi,</strong></span> <span class='ocrx_word' id='word_1_323' title='bbox 628 2236 728 2302; x_wconf 90' lang='lat' dir='ltr'><strong>latcor,</strong></span> <span class='ocrx_word' id='word_1_324' title='bbox 750 2236 802 2293; x_wconf 90' lang='lat' dir='ltr'><strong>buc</strong></span> <span class='ocrx_word' id='word_1_325' title='bbox 820 2235 887 2291; x_wconf 88' lang='lat' dir='ltr'><strong>uribi</strong></span> <span class='ocrx_word' id='word_1_326' title='bbox 907 2250 960 2291; x_wconf 92' lang='lat' dir='ltr'><strong>non</strong></span> <span class='ocrx_word' id='word_1_327' title='bbox 976 2249 1035 2290; x_wconf 88' lang='lat' dir='ltr'><strong>me·</strong></span> <span class='ocrx_word' id='word_1_328' title='bbox 1083 2238 1229 2309; x_wconf 72' lang='lat' dir='ltr'><strong>prestigiis</strong></span> <span class='ocrx_word' id='word_1_329' title='bbox 1256 2239 1458 2295; x_wconf 89' lang='lat' dir='ltr'><strong>immundorum</strong></span> <span class='ocrx_word' id='word_1_330' title='bbox 1486 2239 1641 2310; x_wconf 90' lang='lat' dir='ltr'><strong>spirituum,</strong></span> <span class='ocrx_word' id='word_1_331' title='bbox 1658 2240 1779 2297; x_wconf 88' lang='lat' dir='ltr'><strong>clausam</strong></span> <span class='ocrx_word' id='word_1_332' title='bbox 1802 2242 1881 2297; x_wconf 89' lang='lat' dir='ltr'><strong>andi·</strong></span> 
     </span>
     <span class='ocr_line' id='line_1_23' title="bbox 239 2329 1878 2405; baseline -0.001 -15"><span class='ocrx_word' id='word_1_333' title='bbox 239 2334 370 2390; x_wconf 88' lang='lat' dir='ltr'><strong>diocritcr</strong></span> <span class='ocrx_word' id='word_1_334' title='bbox 388 2332 489 2405; x_wconf 87' lang='lat' dir='ltr'><strong>placuit</strong></span> <span class='ocrx_word' id='word_1_335' title='bbox 506 2331 578 2403; x_wconf 89' lang='lat' dir='ltr'><strong>quod</strong></span> <span class='ocrx_word' id='word_1_336' title='bbox 605 2331 642 2390; x_wconf 87' lang='lat' dir='ltr'><strong>ibi</strong></span> <span class='ocrx_word' id='word_1_337' title='bbox 667 2330 775 2387; x_wconf 83' lang='lat' dir='ltr'><strong>scholas</strong></span> <span class='ocrx_word' id='word_1_338' title='bbox 799 2345 962 2401; x_wconf 89' lang='lat' dir='ltr'><strong>puerorum,</strong></span> <span class='ocrx_word' id='word_1_339' title='bbox 985 2329 1033 2399; x_wconf 91' lang='lat' dir='ltr'><strong>qni</strong></span> <span class='ocrx_word' id='word_1_340' title='bbox 1083 2346 1138 2402; x_wconf 91' lang='lat' dir='ltr'><strong>qne</strong></span> <span class='ocrx_word' id='word_1_341' title='bbox 1156 2330 1277 2395; x_wconf 88' lang='lat' dir='ltr'><strong>domum,</strong></span> <span class='ocrx_word' id='word_1_342' title='bbox 1302 2345 1356 2385; x_wconf 91' lang='lat' dir='ltr'><strong>non</strong></span> <span class='ocrx_word' id='word_1_343' title='bbox 1383 2330 1487 2400; x_wconf 90' lang='lat' dir='ltr'><strong>apertis</strong></span> <span class='ocrx_word' id='word_1_344' title='bbox 1508 2330 1624 2397; x_wconf 82' lang='lat' dir='ltr'><strong>toribus,</strong></span> <span class='ocrx_word' id='word_1_345' title='bbox 1648 2330 1755 2403; x_wconf 74' lang='lat' dir='ltr'><strong>ingredi</strong></span> <span class='ocrx_word' id='word_1_346' title='bbox 1781 2334 1878 2403; x_wconf 87' lang='lat' dir='ltr'><strong>potuit.</strong></span> 
     </span>
     <span class='ocr_line' id='line_1_24' title="bbox 238 2403 1880 2497; baseline -0.001 -14"><span class='ocrx_word' id='word_1_347' title='bbox 238 2440 310 2497; x_wconf 75' lang='lat' dir='ltr'><strong>sape</strong></span> <span class='ocrx_word' id='word_1_348' title='bbox 322 2426 439 2494; x_wconf 75' lang='lat' dir='ltr'><strong>rigorem</strong></span> <span class='ocrx_word' id='word_1_349' title='bbox 452 2422 608 2480; x_wconf 84' lang='lat' dir='ltr'><strong>sanctitatis</strong></span> <span class='ocrx_word' id='word_1_350' title='bbox 629 2431 771 2489; x_wconf 84' lang='lat' dir='ltr'><strong>enervant,</strong></span> <span class='ocrx_word' id='word_1_351' title='bbox 787 2437 840 2476; x_wconf 92' lang='lat' dir='ltr'><strong>non</strong></span> <span class='ocrx_word' id='word_1_352' title='bbox 864 2420 971 2486; x_wconf 72' lang='lat' dir='ltr'><strong>tntum</strong></span> <span class='ocrx_word' id='word_1_353' title='bbox 985 2421 1034 2476; x_wconf 86' lang='lat' dir='ltr'><strong>sed</strong></span> <span class='ocrx_word' id='word_1_354' title='bbox 1083 2420 1152 2476; x_wconf 80' lang='lat' dir='ltr'><strong>bam</strong></span> <span class='ocrx_word' id='word_1_355' title='bbox 1166 2428 1195 2475; x_wconf 89' lang='lat' dir='ltr'><strong>et</strong></span> <span class='ocrx_word' id='word_1_356' title='bbox 1213 2419 1272 2490; x_wconf 88' lang='lat' dir='ltr'><strong>lpse</strong></span> <span class='ocrx_word' id='word_1_357' title='bbox 1283 2418 1368 2493; x_wconf 65' lang='grc'><strong>640</strong></span> <span class='ocrx_word' id='word_1_358' title='bbox 1386 2434 1453 2490; x_wconf 85' lang='lat' dir='ltr'><strong>puer</strong></span> <span class='ocrx_word' id='word_1_359' title='bbox 1464 2403 1581 2477; x_wconf 72' lang='lat' dir='ltr'><strong>sollicite</strong></span> <span class='ocrx_word' id='word_1_360' title='bbox 1593 2422 1752 2494; x_wconf 88' lang='lat' dir='ltr'><strong>requisitus,</strong></span> <span class='ocrx_word' id='word_1_361' title='bbox 1766 2424 1820 2480; x_wconf 84' lang='lat' dir='ltr'><strong>ltoc</strong></span> <span class='ocrx_word' id='word_1_362' title='bbox 1831 2426 1880 2481; x_wconf 85' lang='lat' dir='ltr'><strong>ad·</strong></span> 
     </span>
     <span class='ocr_line' id='line_1_25' title="bbox 238 2511 1881 2585; baseline 0.001 -13"><span class='ocrx_word' id='word_1_363' title='bbox 238 2532 333 2573; x_wconf 90' lang='lat' dir='ltr'><strong>omnes</strong></span> <span class='ocrx_word' id='word_1_364' title='bbox 347 2526 394 2572; x_wconf 92' lang='lat' dir='ltr'><strong>aut</strong></span> <span class='ocrx_word' id='word_1_365' title='bbox 416 2530 580 2582; x_wconf 88' lang='lat' dir='ltr'><strong>senes,cum</strong></span> <span class='ocrx_word' id='word_1_366' title='bbox 592 2512 690 2585; x_wconf 88' lang='lat' dir='ltr'><strong>quibus</strong></span> <span class='ocrx_word' id='word_1_367' title='bbox 710 2512 803 2585; x_wconf 79' lang='lat' dir='ltr'><strong>tutique</strong></span> <span class='ocrx_word' id='word_1_368' title='bbox 823 2511 971 2568; x_wconf 85' lang='lat' dir='ltr'><strong>nobilisrir</strong></span> <span class='ocrx_word' id='word_1_369' title='bbox 987 2528 1033 2570; x_wconf 86' lang='lat' dir='ltr'><strong>se·</strong></span> <span class='ocrx_word' id='word_1_370' title='bbox 1084 2512 1165 2569; x_wconf 89' lang='lat' dir='ltr'><strong>debat</strong></span> <span class='ocrx_word' id='word_1_371' title='bbox 1193 2511 1257 2583; x_wconf 89' lang='lat' dir='ltr'><strong>qaia</strong></span> <span class='ocrx_word' id='word_1_372' title='bbox 1280 2512 1392 2582; x_wconf 87' lang='lat' dir='ltr'><strong>quidam</strong></span> <span class='ocrx_word' id='word_1_373' title='bbox 1415 2511 1540 2568; x_wconf 86' lang='lat' dir='ltr'><strong>bomincs</strong></span> <span class='ocrx_word' id='word_1_374' title='bbox 1559 2528 1622 2570; x_wconf 89' lang='lat' dir='ltr'><strong>enm</strong></span> <span class='ocrx_word' id='word_1_375' title='bbox 1644 2525 1825 2582; x_wconf 84' lang='lat' dir='ltr'><strong>assumentes,</strong></span> <span class='ocrx_word' id='word_1_376' title='bbox 1845 2519 1881 2574; x_wconf 88' lang='lat' dir='ltr'><strong>ad</strong></span> 
     </span>
     <span class='ocr_line' id='line_1_26' title="bbox 239 2593 1880 2682; baseline 0.002 -19"><span class='ocrx_word' id='word_1_377' title='bbox 239 2608 320 2665; x_wconf 92' lang='lat' dir='ltr'><strong>debat</strong></span> <span class='ocrx_word' id='word_1_378' title='bbox 334 2609 361 2665; x_wconf 91' lang='lat' dir='ltr'><strong>in</strong></span> <span class='ocrx_word' id='word_1_379' title='bbox 375 2607 463 2679; x_wconf 89' lang='lat' dir='ltr'><strong>portis</strong></span> <span class='ocrx_word' id='word_1_380' title='bbox 481 2605 610 2664; x_wconf 79' lang='lat' dir='ltr'><strong>Ecclesiae</strong></span> <span class='ocrx_word' id='word_1_381' title='bbox 625 2602 718 2677; x_wconf 77' lang='lat' dir='ltr'><strong>(Pron.</strong></span> <span class='ocrx_word' id='word_1_382' title='bbox 744 2604 832 2676; x_wconf 82' lang='lat' dir='ltr'><strong>xxxi),</strong></span> <span class='ocrx_word' id='word_1_383' title='bbox 851 2612 899 2658; x_wconf 91' lang='lat' dir='ltr'><strong>aut</strong></span> <span class='ocrx_word' id='word_1_384' title='bbox 918 2601 1034 2672; x_wconf 79' lang='lat' dir='ltr'><strong>juvenili</strong></span> <span class='ocrx_word' id='word_1_385' title='bbox 1085 2619 1213 2676; x_wconf 76' lang='lat' dir='ltr'><strong>magnum</strong></span> <span class='ocrx_word' id='word_1_386' title='bbox 1232 2603 1388 2682; x_wconf 83' lang='lat' dir='ltr'><strong>conuitium</strong></span> <span class='ocrx_word' id='word_1_387' title='bbox 1403 2604 1586 2674; x_wconf 82' lang='lat' dir='ltr'><strong>deduxerunt,</strong></span> <span class='ocrx_word' id='word_1_388' title='bbox 1608 2606 1654 2663; x_wconf 87' lang='lat' dir='ltr'><strong>ubi</strong></span> <span class='ocrx_word' id='word_1_389' title='bbox 1679 2593 1806 2667; x_wconf 75' lang='lat' dir='ltr'><strong>videlicet</strong></span> <span class='ocrx_word' id='word_1_390' title='bbox 1820 2625 1880 2668; x_wconf 88' lang='lat' dir='ltr'><strong>ont·</strong></span> 
     </span>
     <span class='ocr_line' id='line_1_27' title="bbox 238 2693 1880 2771; baseline 0.004 -19"><span class='ocrx_word' id='word_1_391' title='bbox 238 2697 344 2753; x_wconf 86' lang='lat' dir='ltr'><strong>rirerrdi</strong></span> <span class='ocrx_word' id='word_1_392' title='bbox 367 2698 466 2753; x_wconf 85' lang='lat' dir='ltr'><strong>decore</strong></span> <span class='ocrx_word' id='word_1_393' title='bbox 481 2696 616 2751; x_wconf 72' lang='lat' dir='ltr'><strong>laeuntes.</strong></span> <span class='ocrx_word' id='word_1_394' title='bbox 635 2693 687 2763; x_wconf 84' lang='lat' dir='ltr'><strong>Qui</strong></span> <span class='ocrx_word' id='word_1_395' title='bbox 699 2694 840 2759; x_wconf 87' lang='lat' dir='ltr'><strong>nimirum,</strong></span> <span class='ocrx_word' id='word_1_396' title='bbox 855 2703 885 2749; x_wconf 92' lang='lat' dir='ltr'><strong>nt</strong></span> <span class='ocrx_word' id='word_1_397' title='bbox 906 2694 954 2750; x_wconf 89' lang='lat' dir='ltr'><strong>lilii</strong></span> <span class='ocrx_word' id='word_1_398' title='bbox 971 2709 1034 2766; x_wconf 90' lang='lat' dir='ltr'><strong>pro·</strong></span> <span class='ocrx_word' id='word_1_399' title='bbox 1084 2700 1134 2754; x_wconf 77' lang='lat' dir='ltr'><strong>nes&#39;</strong></span> <span class='ocrx_word' id='word_1_400' title='bbox 1143 2694 1702 2771; x_wconf 75' lang='lat' dir='ltr'><strong>epularumdeliciaridcbantnr,eamque</strong></span> <span class='ocrx_word' id='word_1_401' title='bbox 1712 2702 1880 2759; x_wconf 85' lang='lat' dir='ltr'><strong>manducare</strong></span> 
     </span>
     <span class='ocr_line' id='line_1_28' title="bbox 238 2786 1877 2862; baseline 0.002 -17"><span class='ocrx_word' id='word_1_402' title='bbox 238 2791 394 2862; x_wconf 74' lang='lat' dir='ltr'><strong>plectarum,</strong></span> <span class='ocrx_word' id='word_1_403' title='bbox 407 2789 497 2845; x_wconf 89' lang='lat' dir='ltr'><strong>idonci</strong></span> <span class='ocrx_word' id='word_1_404' title='bbox 511 2787 620 2844; x_wconf 85' lang='lat' dir='ltr'><strong>suntad</strong></span> <span class='ocrx_word' id='word_1_405' title='bbox 632 2786 718 2843; x_wconf 80' lang='lat' dir='ltr'><strong>Ellam</strong></span> <span class='ocrx_word' id='word_1_406' title='bbox 729 2787 896 2859; x_wconf 83' lang='lat' dir='ltr'><strong>perdeserta</strong></span> <span class='ocrx_word' id='word_1_407' title='bbox 910 2803 1035 2858; x_wconf 84' lang='lat' dir='ltr'><strong>quaeren-</strong></span> <span class='ocrx_word' id='word_1_408' title='bbox 1084 2789 1217 2845; x_wconf 89' lang='lat' dir='ltr'><strong>iecerum.</strong></span> <span class='ocrx_word' id='word_1_409' title='bbox 1229 2786 1376 2844; x_wconf 78' lang='lat' dir='ltr'><strong>Referebat</strong></span> <span class='ocrx_word' id='word_1_410' title='bbox 1394 2787 1478 2843; x_wconf 90' lang='lat' dir='ltr'><strong>etiam</strong></span> <span class='ocrx_word' id='word_1_411' title='bbox 1503 2789 1576 2859; x_wconf 89' lang='lat' dir='ltr'><strong>qnod</strong></span> <span class='ocrx_word' id='word_1_412' title='bbox 1593 2803 1655 2846; x_wconf 84' lang='lat' dir='ltr'><strong>enan</strong></span> <span class='ocrx_word' id='word_1_413' title='bbox 1669 2805 1755 2861; x_wconf 88' lang='lat' dir='ltr'><strong>usque</strong></span> <span class='ocrx_word' id='word_1_414' title='bbox 1770 2791 1804 2847; x_wconf 88' lang='lat' dir='ltr'><strong>ad</strong></span> <span class='ocrx_word' id='word_1_415' title='bbox 1817 2807 1877 2848; x_wconf 85' lang='lat' dir='ltr'><strong>cns·</strong></span> 
     </span>
     <span class='ocr_line' id='line_1_29' title="bbox 238 2876 1879 2952; baseline 0.004 -19"><span class='ocrx_word' id='word_1_416' title='bbox 238 2882 302 2935; x_wconf 87' lang='lat' dir='ltr'><strong>dnm</strong></span> <span class='ocrx_word' id='word_1_417' title='bbox 330 2878 384 2950; x_wconf 81' lang='lat' dir='ltr'><strong>(lt’</strong></span> <span class='ocrx_word' id='word_1_418' title='bbox 402 2878 467 2949; x_wconf 80' lang='lat' dir='ltr'><strong>iqu.</strong></span> <span class='ocrx_word' id='word_1_419' title='bbox 487 2884 534 2952; x_wconf 88' lang='grc' dir='ltr'>ιι);</span> <span class='ocrx_word' id='word_1_420' title='bbox 558 2889 607 2933; x_wconf 91' lang='lat' dir='ltr'><strong>aut</strong></span> <span class='ocrx_word' id='word_1_421' title='bbox 629 2887 704 2934; x_wconf 86' lang='lat' dir='ltr'><strong>certe</strong></span> <span class='ocrx_word' id='word_1_422' title='bbox 730 2876 919 2935; x_wconf 81' lang='lat' dir='ltr'><strong>adolescentiae</strong></span> <span class='ocrx_word' id='word_1_423' title='bbox 945 2879 1035 2937; x_wconf 88' lang='lat' dir='ltr'><strong>adbuc</strong></span> <span class='ocrx_word' id='word_1_424' title='bbox 1085 2880 1178 2937; x_wconf 89' lang='lat' dir='ltr'><strong>tellum</strong></span> <span class='ocrx_word' id='word_1_425' title='bbox 1210 2881 1282 2951; x_wconf 90' lang='lat' dir='ltr'><strong>qnod</strong></span> <span class='ocrx_word' id='word_1_426' title='bbox 1306 2879 1491 2952; x_wconf 85' lang='lat' dir='ltr'><strong>supereminet</strong></span> <span class='ocrx_word' id='word_1_427' title='bbox 1520 2881 1688 2936; x_wconf 88' lang='lat' dir='ltr'><strong>monasterio</strong></span> <span class='ocrx_word' id='word_1_428' title='bbox 1715 2881 1879 2947; x_wconf 85' lang='lat' dir='ltr'><strong>delerentes,</strong></span> 
     </span>
     <span class='ocr_line' id='line_1_30' title="bbox 237 2966 1891 3042; baseline 0.002 -19"><span class='ocrx_word' id='word_1_429' title='bbox 237 2966 305 3024; x_wconf 89' lang='lat' dir='ltr'><strong>iiore</strong></span> <span class='ocrx_word' id='word_1_430' title='bbox 329 2979 497 3035; x_wconf 80' lang='lat' dir='ltr'><strong>vernantes,</strong></span> <span class='ocrx_word' id='word_1_431' title='bbox 526 2968 595 3040; x_wconf 89' lang='lat' dir='ltr'><strong>qni,</strong></span> <span class='ocrx_word' id='word_1_432' title='bbox 620 2966 698 3038; x_wconf 80' lang='lat' dir='ltr'><strong>justa</strong></span> <span class='ocrx_word' id='word_1_433' title='bbox 724 2967 876 3040; x_wconf 86' lang='lat' dir='ltr'><strong>apostolum</strong></span> <span class='ocrx_word' id='word_1_434' title='bbox 900 2969 1034 3026; x_wconf 81' lang='lat' dir='ltr'><strong>loanncm</strong></span> <span class='ocrx_word' id='word_1_435' title='bbox 1084 2985 1166 3042; x_wconf 90' lang='lat' dir='ltr'><strong>super</strong></span> <span class='ocrx_word' id='word_1_436' title='bbox 1181 2971 1268 3040; x_wconf 85' lang='lat' dir='ltr'><strong>ipsum</strong></span> <span class='ocrx_word' id='word_1_437' title='bbox 1289 2968 1502 3025; x_wconf 86' lang='lat' dir='ltr'><strong>tintinnabulum</strong></span> <span class='ocrx_word' id='word_1_438' title='bbox 1514 2968 1587 3039; x_wconf 92' lang='lat' dir='ltr'><strong>quod</strong></span> <span class='ocrx_word' id='word_1_439' title='bbox 1597 2969 1676 3041; x_wconf 84' lang='lat' dir='ltr'><strong>juxta</strong></span> <span class='ocrx_word' id='word_1_440' title='bbox 1696 2969 1837 3028; x_wconf 84' lang='lat' dir='ltr'><strong>basilicam</strong></span> <span class='ocrx_word' id='word_1_441' title='bbox 1851 2971 1891 3029; x_wconf 90' lang='lat' dir='ltr'><strong>in.</strong></span> 
     </span>
     <span class='ocr_line' id='line_1_31' title="bbox 237 3059 1550 3132; baseline -0.001 -18"><span class='ocrx_word' id='word_1_442' title='bbox 237 3060 265 3132; x_wconf 79' lang='grc'><strong>(1</strong></span> <span class='ocrx_word' id='word_1_443' title='bbox 277 3059 358 3116; x_wconf 78' lang='lat' dir='ltr'><strong>ioan.</strong></span> <span class='ocrx_word' id='word_1_444' title='bbox 373 3062 416 3131; x_wconf 90' lang='grc' dir='ltr'>ιι),</span> <span class='ocrx_word' id='word_1_445' title='bbox 431 3062 522 3117; x_wconf 82' lang='lat' dir='ltr'><strong>uicere</strong></span> <span class='ocrx_word' id='word_1_446' title='bbox 544 3060 703 3131; x_wconf 75' lang='lat' dir='ltr'><strong>malignum.</strong></span> <span class='ocrx_word' id='word_1_447' title='bbox 716 3059 787 3116; x_wconf 84' lang='lat' dir='ltr'><strong>Ecce</strong></span> <span class='ocrx_word' id='word_1_448' title='bbox 804 3061 877 3131; x_wconf 90' lang='lat' dir='ltr'><strong>qnod</strong></span> <span class='ocrx_word' id='word_1_449' title='bbox 891 3076 964 3116; x_wconf 88' lang='lat' dir='ltr'><strong>nunc</strong></span> <span class='ocrx_word' id='word_1_450' title='bbox 983 3075 1033 3117; x_wconf 91' lang='lat' dir='ltr'><strong>oc·</strong></span> <span class='ocrx_word' id='word_1_451' title='bbox 1084 3061 1193 3118; x_wconf 87' lang='lat' dir='ltr'><strong>excelsu</strong></span> <span class='ocrx_word' id='word_1_452' title='bbox 1207 3060 1550 3131; x_wconf 87' lang='lat' dir='ltr'><strong>dependetimposuerunt.</strong></span> 
     </span>
     <span class='ocr_line' id='line_1_32' title="bbox 239 3147 1880 3225; baseline -0.001 -19"><span class='ocrx_word' id='word_1_453' title='bbox 239 3152 326 3207; x_wconf 89' lang='lat' dir='ltr'><strong>currit</strong></span> <span class='ocrx_word' id='word_1_454' title='bbox 338 3152 426 3206; x_wconf 89' lang='lat' dir='ltr'><strong>dicam</strong></span> <span class='ocrx_word' id='word_1_455' title='bbox 438 3152 472 3207; x_wconf 89' lang='lat' dir='ltr'><strong>ad</strong></span> <span class='ocrx_word' id='word_1_456' title='bbox 491 3149 707 3206; x_wconf 87' lang='lat' dir='ltr'><strong>consolationem</strong></span> <span class='ocrx_word' id='word_1_457' title='bbox 719 3148 803 3205; x_wconf 87' lang='lat' dir='ltr'><strong>dirini</strong></span> <span class='ocrx_word' id='word_1_458' title='bbox 816 3149 869 3207; x_wconf 88' lang='lat' dir='ltr'><strong>mei</strong></span> <span class='ocrx_word' id='word_1_459' title='bbox 882 3149 969 3219; x_wconf 83' lang='lat' dir='ltr'><strong>Petri,</strong></span> <span class='ocrx_word' id='word_1_460' title='bbox 985 3147 1069 3225; x_wconf 76' lang='lat' dir='ltr'><strong>quic</strong></span> <span class='ocrx_word' id='word_1_461' title='bbox 1119 3151 1177 3208; x_wconf 91' lang='lat' dir='ltr'><strong>lloc</strong></span> <span class='ocrx_word' id='word_1_462' title='bbox 1205 3160 1296 3207; x_wconf 90' lang='lat' dir='ltr'><strong>autem</strong></span> <span class='ocrx_word' id='word_1_463' title='bbox 1322 3150 1423 3207; x_wconf 89' lang='lat' dir='ltr'><strong>idcireo</strong></span> <span class='ocrx_word' id='word_1_464' title='bbox 1448 3150 1575 3207; x_wconf 81' lang='lat' dir='ltr'><strong>duximus</strong></span> <span class='ocrx_word' id='word_1_465' title='bbox 1599 3149 1821 3220; x_wconf 84' lang='lat' dir='ltr'><strong>describendum,</strong></span> <span class='ocrx_word' id='word_1_466' title='bbox 1850 3164 1880 3204; x_wconf 87' lang='lat' dir='ltr'><strong>nr</strong></span> 
     </span>
     <span class='ocr_line' id='line_1_33' title="bbox 237 3242 1878 3319; baseline -0.001 -19"><span class='ocrx_word' id='word_1_467' title='bbox 237 3243 303 3300; x_wconf 87' lang='lat' dir='ltr'><strong>olim</strong></span> <span class='ocrx_word' id='word_1_468' title='bbox 318 3244 386 3300; x_wconf 82' lang='lat' dir='ltr'><strong>ciris</strong></span> <span class='ocrx_word' id='word_1_469' title='bbox 400 3242 655 3314; x_wconf 82' lang='lat' dir='ltr'><strong>luerutCapuanns,</strong></span> <span class='ocrx_word' id='word_1_470' title='bbox 674 3242 784 3300; x_wconf 86' lang='lat' dir='ltr'><strong>truncia</strong></span> <span class='ocrx_word' id='word_1_471' title='bbox 797 3243 893 3300; x_wconf 89' lang='lat' dir='ltr'><strong>militia</strong></span> <span class='ocrx_word' id='word_1_472' title='bbox 902 3249 946 3301; x_wconf 85' lang='lat' dir='ltr'><strong>cst</strong></span> <span class='ocrx_word' id='word_1_473' title='bbox 954 3253 1035 3300; x_wconf 73' lang='lat' dir='ltr'><strong>atter·</strong></span> <span class='ocrx_word' id='word_1_474' title='bbox 1084 3246 1274 3319; x_wconf 89' lang='lat' dir='ltr'><strong>unusquisque</strong></span> <span class='ocrx_word' id='word_1_475' title='bbox 1297 3256 1433 3309; x_wconf 87' lang='lat' dir='ltr'><strong>nostram,</strong></span> <span class='ocrx_word' id='word_1_476' title='bbox 1457 3243 1664 3313; x_wconf 81' lang='lat' dir='ltr'><strong>nometipsos</strong></span> <span class='ocrx_word' id='word_1_477' title='bbox 1695 3258 1805 3316; x_wconf 88' lang='lat' dir='ltr'><strong>pueros,</strong></span> <span class='ocrx_word' id='word_1_478' title='bbox 1831 3247 1878 3315; x_wconf 92' lang='lat' dir='ltr'><strong>qni</strong></span> 
     </span>
     <span class='ocr_line' id='line_1_34' title="bbox 238 3334 1881 3411; baseline -0.001 -19"><span class='ocrx_word' id='word_1_479' title='bbox 238 3338 266 3394; x_wconf 92' lang='lat' dir='ltr'><strong>ni</strong></span> <span class='ocrx_word' id='word_1_480' title='bbox 279 3337 360 3409; x_wconf 71' lang='lat' dir='ltr'><strong>licqis</strong></span> <span class='ocrx_word' id='word_1_481' title='bbox 374 3337 519 3409; x_wconf 80' lang='lat' dir='ltr'><strong>ascriptus.</strong></span> <span class='ocrx_word' id='word_1_482' title='bbox 1084 3350 1198 3411; x_wconf 87' lang='lat' dir='ltr'><strong>peccare</strong></span> <span class='ocrx_word' id='word_1_483' title='bbox 1210 3337 1325 3392; x_wconf 89' lang='lat' dir='ltr'><strong>necdum</strong></span> <span class='ocrx_word' id='word_1_484' title='bbox 1336 3343 1481 3400; x_wconf 78' lang='lat' dir='ltr'><strong>noverunt,</strong></span> <span class='ocrx_word' id='word_1_485' title='bbox 1504 3334 1615 3408; x_wconf 74' lang='lat' dir='ltr'><strong>maligui</strong></span> <span class='ocrx_word' id='word_1_486' title='bbox 1631 3335 1717 3391; x_wconf 90' lang='lat' dir='ltr'><strong>bostis</strong></span> <span class='ocrx_word' id='word_1_487' title='bbox 1737 3334 1881 3406; x_wconf 84' lang='lat' dir='ltr'><strong>subjacere</strong></span> 
     </span>
     <span class='ocr_line' id='line_1_35' title="bbox 526 3423 1879 3497; baseline -0.004 -12"><span class='ocrx_word' id='word_1_488' title='bbox 526 3427 641 3486; x_wconf 75' lang='lat' dir='ltr'><strong>catur</strong></span> <span class='ocrx_word' id='word_1_489' title='bbox 659 3426 741 3484; x_wconf 71' lang='lat' dir='ltr'><strong>xiil.</strong></span> <span class='ocrx_word' id='word_1_490' title='bbox 1084 3427 1191 3486; x_wconf 85' lang='lat' dir='ltr'><strong>insidiis</strong></span> <span class='ocrx_word' id='word_1_491' title='bbox 1204 3426 1373 3493; x_wconf 87' lang='lat' dir='ltr'><strong>considerat,</strong></span> <span class='ocrx_word' id='word_1_492' title='bbox 1388 3425 1446 3495; x_wconf 88' lang='lat' dir='ltr'><strong>ipse</strong></span> <span class='ocrx_word' id='word_1_493' title='bbox 1458 3438 1566 3495; x_wconf 89' lang='lat' dir='ltr'><strong>quoque</strong></span> <span class='ocrx_word' id='word_1_494' title='bbox 1584 3423 1656 3496; x_wconf 92' lang='lat' dir='ltr'><strong>quod</strong></span> <span class='ocrx_word' id='word_1_495' title='bbox 1670 3425 1771 3497; x_wconf 88' lang='lat' dir='ltr'><strong>patitur</strong></span> <span class='ocrx_word' id='word_1_496' title='bbox 1785 3439 1879 3494; x_wconf 87' lang='lat' dir='ltr'><strong>acqua·</strong></span> 
     </span>
     <span class='ocr_line' id='line_1_36' title="bbox 362 3515 1962 3593; baseline -0.002 -18"><span class='ocrx_word' id='word_1_497' title='bbox 362 3519 402 3576; x_wconf 85' lang='lat' dir='ltr'><strong>De</strong></span> <span class='ocrx_word' id='word_1_498' title='bbox 414 3537 496 3593; x_wconf 83' lang='lat' dir='ltr'><strong>puero</strong></span> <span class='ocrx_word' id='word_1_499' title='bbox 510 3520 609 3576; x_wconf 77' lang='lat' dir='ltr'><strong>clausis</strong></span> <span class='ocrx_word' id='word_1_500' title='bbox 620 3521 722 3591; x_wconf 70' lang='lat' dir='ltr'><strong>{ouius</strong></span> <span class='ocrx_word' id='word_1_501' title='bbox 735 3521 899 3577; x_wconf 80' lang='lat' dir='ltr'><strong>intromisso.</strong></span> <span class='ocrx_word' id='word_1_502' title='bbox 1083 3519 1196 3576; x_wconf 89' lang='lat' dir='ltr'><strong>nimiter</strong></span> <span class='ocrx_word' id='word_1_503' title='bbox 1213 3517 1293 3574; x_wconf 84' lang='lat' dir='ltr'><strong>terat.</strong></span> <span class='ocrx_word' id='word_1_504' title='bbox 1309 3515 1400 3572; x_wconf 88' lang='lat' dir='ltr'><strong>illatas</strong></span> <span class='ocrx_word' id='word_1_505' title='bbox 1415 3531 1512 3588; x_wconf 83' lang='lat' dir='ltr'><strong>nentpe</strong></span> <span class='ocrx_word' id='word_1_506' title='bbox 1522 3525 1542 3570; x_wconf 80' lang='lat' dir='ltr'><strong>&#39;a</strong></span> <span class='ocrx_word' id='word_1_507' title='bbox 1559 3515 1678 3588; x_wconf 83' lang='lat' dir='ltr'><strong>malique</strong></span> <span class='ocrx_word' id='word_1_508' title='bbox 1699 3516 1779 3573; x_wconf 87' lang='lat' dir='ltr'><strong>boste</strong></span> <span class='ocrx_word' id='word_1_509' title='bbox 1794 3515 1880 3572; x_wconf 87' lang='lat' dir='ltr'><strong>mole·</strong></span> <span class='ocrx_word' id='word_1_510' title='bbox 1959 3543 1962 3550; x_wconf 47' lang='lat'><strong>⁴</strong></span> 
     </span>
     <span class='ocr_line' id='line_1_37' title="bbox 272 3606 1891 3681; baseline -0.001 -16"><span class='ocrx_word' id='word_1_511' title='bbox 272 3608 404 3666; x_wconf 84' lang='lat' dir='ltr'><strong>Puerulus</strong></span> <span class='ocrx_word' id='word_1_512' title='bbox 430 3609 559 3680; x_wconf 81' lang='lat' dir='ltr'><strong>quidam,</strong></span> <span class='ocrx_word' id='word_1_513' title='bbox 586 3619 667 3666; x_wconf 73' lang='lat' dir='ltr'><strong>atate</strong></span> <span class='ocrx_word' id='word_1_514' title='bbox 692 3611 891 3681; x_wconf 85' lang='lat' dir='ltr'><strong>quinquennis,</strong></span> <span class='ocrx_word' id='word_1_515' title='bbox 915 3610 1033 3667; x_wconf 84' lang='lat' dir='ltr'><strong>llnbaidi</strong></span> <span class='ocrx_word' id='word_1_516' title='bbox 1084 3610 1152 3667; x_wconf 90' lang='lat' dir='ltr'><strong>stias</strong></span> <span class='ocrx_word' id='word_1_517' title='bbox 1169 3624 1230 3666; x_wconf 90' lang='lat' dir='ltr'><strong>cum</strong></span> <span class='ocrx_word' id='word_1_518' title='bbox 1247 3616 1350 3678; x_wconf 87' lang='lat' dir='ltr'><strong>quanta</strong></span> <span class='ocrx_word' id='word_1_519' title='bbox 1363 3606 1463 3663; x_wconf 89' lang='lat' dir='ltr'><strong>debent</strong></span> <span class='ocrx_word' id='word_1_520' title='bbox 1476 3617 1587 3679; x_wconf 90' lang='lat' dir='ltr'><strong>portare</strong></span> <span class='ocrx_word' id='word_1_521' title='bbox 1609 3606 1740 3679; x_wconf 87' lang='lat' dir='ltr'><strong>patientia</strong></span> <span class='ocrx_word' id='word_1_522' title='bbox 1755 3616 1891 3680; x_wconf 66' lang='lat' dir='ltr'><strong>peceato·¹</strong></span> 
     </span>
     <span class='ocr_line' id='line_1_38' title="bbox 237 3697 1881 3773; baseline 0 -20"><span class='ocrx_word' id='word_1_523' title='bbox 237 3698 342 3755; x_wconf 84' lang='lat' dir='ltr'><strong>scilicet</strong></span> <span class='ocrx_word' id='word_1_524' title='bbox 356 3698 518 3756; x_wconf 87' lang='lat' dir='ltr'><strong>nobilissimi</strong></span> <span class='ocrx_word' id='word_1_525' title='bbox 531 3698 593 3765; x_wconf 85' lang='lat' dir='ltr'><strong>riri,</strong></span> <span class='ocrx_word' id='word_1_526' title='bbox 607 3699 654 3769; x_wconf 93' lang='lat' dir='ltr'><strong>qni</strong></span> <span class='ocrx_word' id='word_1_527' title='bbox 669 3715 774 3756; x_wconf 86' lang='lat' dir='ltr'><strong>mecum</strong></span> <span class='ocrx_word' id='word_1_528' title='bbox 789 3700 863 3773; x_wconf 70' lang='lat' dir='ltr'><strong>degit</strong></span> <span class='ocrx_word' id='word_1_529' title='bbox 884 3700 914 3758; x_wconf 88' lang='lat' dir='ltr'><strong>iu</strong></span> <span class='ocrx_word' id='word_1_530' title='bbox 927 3715 1032 3768; x_wconf 88' lang='lat' dir='ltr'><strong>eremo,</strong></span> <span class='ocrx_word' id='word_1_531' title='bbox 1084 3717 1138 3769; x_wconf 89' lang='lat' dir='ltr'><strong>res,</strong></span> <span class='ocrx_word' id='word_1_532' title='bbox 1153 3718 1215 3759; x_wconf 79' lang='lat' dir='ltr'><strong>crim</strong></span> <span class='ocrx_word' id='word_1_533' title='bbox 1233 3701 1341 3758; x_wconf 88' lang='lat' dir='ltr'><strong>illorum</strong></span> <span class='ocrx_word' id='word_1_534' title='bbox 1352 3699 1499 3770; x_wconf 89' lang='lat' dir='ltr'><strong>aliquando</strong></span> <span class='ocrx_word' id='word_1_535' title='bbox 1514 3697 1622 3757; x_wconf 76' lang='lat' dir='ltr'><strong>fraudes</strong></span> <span class='ocrx_word' id='word_1_536' title='bbox 1636 3710 1664 3754; x_wconf 90' lang='lat' dir='ltr'><strong>et</strong></span> <span class='ocrx_word' id='word_1_537' title='bbox 1677 3699 1728 3770; x_wconf 88' lang='lat' dir='ltr'><strong>ipsi</strong></span> <span class='ocrx_word' id='word_1_538' title='bbox 1741 3697 1881 3771; x_wconf 86' lang='lat' dir='ltr'><strong>perierant</strong></span> 
     </span>
     <span class='ocr_line' id='line_1_39' title="bbox 237 3789 1879 3866; baseline -0.001 -21"><span class='ocrx_word' id='word_1_539' title='bbox 237 3790 329 3857; x_wconf 87' lang='lat' dir='ltr'><strong>illins,</strong></span> <span class='ocrx_word' id='word_1_540' title='bbox 350 3791 378 3846; x_wconf 91' lang='lat' dir='ltr'><strong>in</strong></span> <span class='ocrx_word' id='word_1_541' title='bbox 396 3805 457 3847; x_wconf 88' lang='lat' dir='ltr'><strong>meo</strong></span> <span class='ocrx_word' id='word_1_542' title='bbox 471 3792 637 3847; x_wconf 87' lang='lat' dir='ltr'><strong>monasterio</strong></span> <span class='ocrx_word' id='word_1_543' title='bbox 650 3789 739 3866; x_wconf 79' lang='lat' dir='ltr'><strong>iactus</strong></span> <span class='ocrx_word' id='word_1_544' title='bbox 760 3790 849 3847; x_wconf 84' lang='lat' dir='ltr'><strong>iuerat</strong></span> <span class='ocrx_word' id='word_1_545' title='bbox 870 3793 1031 3850; x_wconf 82' lang='lat' dir='ltr'><strong>monachus.</strong></span> <span class='ocrx_word' id='word_1_546' title='bbox 1084 3792 1263 3849; x_wconf 87' lang='lat' dir='ltr'><strong>innocentes?</strong></span> <span class='ocrx_word' id='word_1_547' title='bbox 1288 3791 1360 3861; x_wconf 78' lang='lat' dir='ltr'><strong>Ergo</strong></span> <span class='ocrx_word' id='word_1_548' title='bbox 1381 3790 1466 3846; x_wconf 83' lang='lat' dir='ltr'><strong>irater</strong></span> <span class='ocrx_word' id='word_1_549' title='bbox 1491 3790 1536 3846; x_wconf 91' lang='lat' dir='ltr'><strong>iile</strong></span> <span class='ocrx_word' id='word_1_550' title='bbox 1556 3805 1636 3862; x_wconf 84' lang='lat' dir='ltr'><strong>quem</strong></span> <span class='ocrx_word' id='word_1_551' title='bbox 1659 3791 1730 3846; x_wconf 81' lang='lat' dir='ltr'><strong>Deris</strong></span> <span class='ocrx_word' id='word_1_552' title='bbox 1744 3790 1836 3846; x_wconf 86' lang='lat' dir='ltr'><strong>visitat</strong></span> <span class='ocrx_word' id='word_1_553' title='bbox 1850 3791 1879 3845; x_wconf 94' lang='lat' dir='ltr'><strong>in</strong></span> 
     </span>
     <span class='ocr_line' id='line_1_40' title="bbox 236 3881 1879 3960; baseline -0.002 -22"><span class='ocrx_word' id='word_1_554' title='bbox 236 3883 287 3939; x_wconf 88' lang='lat' dir='ltr'><strong>llic</strong></span> <span class='ocrx_word' id='word_1_555' title='bbox 300 3882 446 3954; x_wconf 80' lang='lat' dir='ltr'><strong>aliquando</strong></span> <span class='ocrx_word' id='word_1_556' title='bbox 460 3883 628 3953; x_wconf 71' lang='lat' dir='ltr'><strong>intempestae</strong></span> <span class='ocrx_word' id='word_1_557' title='bbox 646 3884 735 3939; x_wconf 85' lang='lat' dir='ltr'><strong>troctis</strong></span> <span class='ocrx_word' id='word_1_558' title='bbox 754 3882 875 3951; x_wconf 90' lang='lat' dir='ltr'><strong>silentio,</strong></span> <span class='ocrx_word' id='word_1_559' title='bbox 889 3884 1043 3960; x_wconf 77' lang='lat' dir='ltr'><strong>quiescen-¹</strong></span> <span class='ocrx_word' id='word_1_560' title='bbox 1085 3881 1306 3938; x_wconf 89' lang='lat' dir='ltr'><strong>tribulationibus</strong></span> <span class='ocrx_word' id='word_1_561' title='bbox 1331 3882 1428 3936; x_wconf 86' lang='lat' dir='ltr'><strong>hortor</strong></span> <span class='ocrx_word' id='word_1_562' title='bbox 1451 3888 1481 3935; x_wconf 90' lang='lat' dir='ltr'><strong>nt</strong></span> <span class='ocrx_word' id='word_1_563' title='bbox 1509 3882 1643 3951; x_wconf 76' lang='lat' dir='ltr'><strong>gandeat,</strong></span> <span class='ocrx_word' id='word_1_564' title='bbox 1668 3891 1697 3935; x_wconf 88' lang='lat' dir='ltr'><strong>et</strong></span> <span class='ocrx_word' id='word_1_565' title='bbox 1721 3881 1879 3935; x_wconf 85' lang='lat' dir='ltr'><strong>tentationis</strong></span> 
     </span>
     <span class='ocr_line' id='line_1_41' title="bbox 238 3969 1876 4044; baseline -0.001 -18"><span class='ocrx_word' id='word_1_566' title='bbox 238 3972 310 4028; x_wconf 88' lang='lat' dir='ltr'><strong>tibus</strong></span> <span class='ocrx_word' id='word_1_567' title='bbox 328 3972 469 4038; x_wconf 83' lang='lat' dir='ltr'><strong>iratribus,</strong></span> <span class='ocrx_word' id='word_1_568' title='bbox 495 3972 554 4028; x_wconf 84' lang='lat' dir='ltr'><strong>sire</strong></span> <span class='ocrx_word' id='word_1_569' title='bbox 575 3986 712 4044; x_wconf 74' lang='lat' dir='ltr'><strong>egressos,</strong></span> <span class='ocrx_word' id='word_1_570' title='bbox 744 3973 802 4028; x_wconf 86' lang='lat' dir='ltr'><strong>sire</strong></span> <span class='ocrx_word' id='word_1_571' title='bbox 828 3971 953 4029; x_wconf 85' lang='lat' dir='ltr'><strong>sublatus</strong></span> <span class='ocrx_word' id='word_1_572' title='bbox 976 3975 1031 4039; x_wconf 91' lang='lat' dir='ltr'><strong>sit,</strong></span> <span class='ocrx_word' id='word_1_573' title='bbox 1082 3972 1208 4042; x_wconf 79' lang='lat' dir='ltr'><strong>irnpactae</strong></span> <span class='ocrx_word' id='word_1_574' title='bbox 1226 3970 1323 4028; x_wconf 89' lang='lat' dir='ltr'><strong>malleo</strong></span> <span class='ocrx_word' id='word_1_575' title='bbox 1337 3972 1434 4027; x_wconf 81' lang='lat' dir='ltr'><strong>aruinum</strong></span> <span class='ocrx_word' id='word_1_576' title='bbox 1449 3970 1626 4041; x_wconf 80' lang='lat' dir='ltr'><strong>snaepurqari</strong></span> <span class='ocrx_word' id='word_1_577' title='bbox 1641 3969 1792 4041; x_wconf 69' lang='lat' dir='ltr'><strong>rubiginem</strong></span> <span class='ocrx_word' id='word_1_578' title='bbox 1806 3969 1876 4025; x_wconf 89' lang='lat' dir='ltr'><strong>ildu-</strong></span> 
     </span>
     <span class='ocr_line' id='line_1_42' title="bbox 237 4059 1891 4134; baseline -0.003 -14"><span class='ocrx_word' id='word_1_579' title='bbox 237 4065 340 4120; x_wconf 85' lang='lat' dir='ltr'><strong>nescio.</strong></span> <span class='ocrx_word' id='word_1_580' title='bbox 353 4061 407 4120; x_wconf 85' lang='lat' dir='ltr'><strong>Sed</strong></span> <span class='ocrx_word' id='word_1_581' title='bbox 418 4078 479 4120; x_wconf 86' lang='lat' dir='ltr'><strong>curn</strong></span> <span class='ocrx_word' id='word_1_582' title='bbox 491 4063 577 4134; x_wconf 87' lang='lat' dir='ltr'><strong>pistor</strong></span> <span class='ocrx_word' id='word_1_583' title='bbox 587 4064 614 4117; x_wconf 90' lang='lat' dir='ltr'><strong>in</strong></span> <span class='ocrx_word' id='word_1_584' title='bbox 623 4062 740 4132; x_wconf 89' lang='lat' dir='ltr'><strong>pistrino</strong></span> <span class='ocrx_word' id='word_1_585' title='bbox 749 4062 866 4133; x_wconf 83' lang='lat' dir='ltr'><strong>jaceret,</strong></span> <span class='ocrx_word' id='word_1_586' title='bbox 879 4063 1032 4134; x_wconf 87' lang='lat' dir='ltr'><strong>interrupto</strong></span> <span class='ocrx_word' id='word_1_587' title='bbox 1082 4063 1190 4120; x_wconf 86' lang='lat' dir='ltr'><strong>cialiter</strong></span> <span class='ocrx_word' id='word_1_588' title='bbox 1200 4063 1304 4118; x_wconf 85' lang='lat' dir='ltr'><strong>credat.</strong></span> <span class='ocrx_word' id='word_1_589' title='bbox 1318 4061 1378 4118; x_wconf 87' lang='lat' dir='ltr'><strong>Non</strong></span> <span class='ocrx_word' id='word_1_590' title='bbox 1388 4061 1461 4117; x_wconf 91' lang='lat' dir='ltr'><strong>enim</strong></span> <span class='ocrx_word' id='word_1_591' title='bbox 1476 4071 1529 4128; x_wconf 91' lang='lat' dir='ltr'><strong>est,</strong></span> <span class='ocrx_word' id='word_1_592' title='bbox 1549 4072 1580 4116; x_wconf 91' lang='lat' dir='ltr'><strong>ut</strong></span> <span class='ocrx_word' id='word_1_593' title='bbox 1593 4060 1652 4131; x_wconf 87' lang='lat' dir='ltr'><strong>ipsc</strong></span> <span class='ocrx_word' id='word_1_594' title='bbox 1663 4059 1787 4116; x_wconf 85' lang='lat' dir='ltr'><strong>diabolus</strong></span> <span class='ocrx_word' id='word_1_595' title='bbox 1801 4060 1891 4132; x_wconf 68' lang='lat' dir='ltr'><strong>llnqit,</strong></span> 
     </span>
     <span class='ocr_line' id='line_1_43' title="bbox 237 4151 1879 4230; baseline 0.001 -24"><span class='ocrx_word' id='word_1_596' title='bbox 237 4151 271 4207; x_wconf 91' lang='lat' dir='ltr'><strong>ad</strong></span> <span class='ocrx_word' id='word_1_597' title='bbox 285 4152 381 4207; x_wconf 89' lang='lat' dir='ltr'><strong>boram</strong></span> <span class='ocrx_word' id='word_1_598' title='bbox 395 4165 506 4218; x_wconf 84' lang='lat' dir='ltr'><strong>somaro,</strong></span> <span class='ocrx_word' id='word_1_599' title='bbox 528 4160 652 4218; x_wconf 86' lang='lat' dir='ltr'><strong>restem,</strong></span> <span class='ocrx_word' id='word_1_600' title='bbox 668 4167 729 4223; x_wconf 79' lang='lat' dir='ltr'><strong>quae</strong></span> <span class='ocrx_word' id='word_1_601' title='bbox 745 4151 797 4208; x_wconf 92' lang='lat' dir='ltr'><strong>sibi</strong></span> <span class='ocrx_word' id='word_1_602' title='bbox 810 4155 935 4208; x_wconf 85' lang='lat' dir='ltr'><strong>cautinus</strong></span> <span class='ocrx_word' id='word_1_603' title='bbox 956 4155 1032 4224; x_wconf 80' lang='lat' dir='ltr'><strong>adia·</strong></span> <span class='ocrx_word' id='word_1_604' title='bbox 1083 4152 1220 4219; x_wconf 85' lang='lat' dir='ltr'><strong>terrendo,</strong></span> <span class='ocrx_word' id='word_1_605' title='bbox 1239 4151 1338 4209; x_wconf 74' lang='lat' dir='ltr'><strong>lutura</strong></span> <span class='ocrx_word' id='word_1_606' title='bbox 1356 4152 1688 4219; x_wconf 81' lang='lat' dir='ltr'><strong>damnationisdudicium,</strong></span> <span class='ocrx_word' id='word_1_607' title='bbox 1705 4153 1753 4209; x_wconf 89' lang='lat' dir='ltr'><strong>sed</strong></span> <span class='ocrx_word' id='word_1_608' title='bbox 1769 4160 1879 4230; x_wconf 75' lang='lat' dir='ltr'><strong>eternae</strong></span> 
     </span>
     <span class='ocr_line' id='line_1_44' title="bbox 237 4242 1880 4317; baseline 0.001 -20"><span class='ocrx_word' id='word_1_609' title='bbox 237 4242 325 4309; x_wconf 88' lang='lat' dir='ltr'><strong>cebat,</strong></span> <span class='ocrx_word' id='word_1_610' title='bbox 340 4243 450 4299; x_wconf 90' lang='lat' dir='ltr'><strong>sibimet</strong></span> <span class='ocrx_word' id='word_1_611' title='bbox 462 4242 550 4298; x_wconf 81' lang='lat' dir='ltr'><strong>noluit</strong></span> <span class='ocrx_word' id='word_1_612' title='bbox 562 4257 757 4314; x_wconf 88' lang='lat' dir='ltr'><strong>superponere,</strong></span> <span class='ocrx_word' id='word_1_613' title='bbox 769 4255 800 4299; x_wconf 91' lang='lat' dir='ltr'><strong>nt</strong></span> <span class='ocrx_word' id='word_1_614' title='bbox 813 4243 898 4314; x_wconf 73' lang='lat' dir='ltr'><strong>iriqns</strong></span> <span class='ocrx_word' id='word_1_615' title='bbox 910 4257 1030 4302; x_wconf 87' lang='lat' dir='ltr'><strong>arceret.</strong></span> <span class='ocrx_word' id='word_1_616' title='bbox 1082 4246 1179 4302; x_wconf 89' lang='lat' dir='ltr'><strong>salutis</strong></span> <span class='ocrx_word' id='word_1_617' title='bbox 1191 4246 1282 4316; x_wconf 88' lang='lat' dir='ltr'><strong>potius</strong></span> <span class='ocrx_word' id='word_1_618' title='bbox 1293 4254 1493 4315; x_wconf 67' lang='lat' dir='ltr'><strong>argumentum.</strong></span> <span class='ocrx_word' id='word_1_619' title='bbox 1505 4243 1625 4316; x_wconf 84' lang='lat' dir='ltr'><strong>Spiritus</strong></span> <span class='ocrx_word' id='word_1_620' title='bbox 1638 4254 1761 4311; x_wconf 88' lang='lat' dir='ltr'><strong>sauctus,</strong></span> <span class='ocrx_word' id='word_1_621' title='bbox 1775 4244 1822 4317; x_wconf 91' lang='lat' dir='ltr'><strong>qui</strong></span> <span class='ocrx_word' id='word_1_622' title='bbox 1836 4253 1880 4300; x_wconf 91' lang='lat' dir='ltr'><strong>est</strong></span> 
     </span>
    </p>
   </div>
   <div class='ocr_carea' id='block_1_4' title="bbox 237 4332 1984 4407">
    <p class='ocr_par' dir='ltr' id='par_1_4' title="bbox 237 4332 1984 4407">
     <span class='ocr_line' id='line_1_45' title="bbox 237 4332 1984 4407; baseline 0.001 -17"><span class='ocrx_word' id='word_1_623' title='bbox 237 4332 392 4391; x_wconf 80' lang='lat' dir='ltr'><strong>Extendens</strong></span> <span class='ocrx_word' id='word_1_624' title='bbox 413 4335 505 4407; x_wconf 85' lang='lat' dir='ltr'><strong>itaque</strong></span> <span class='ocrx_word' id='word_1_625' title='bbox 524 4335 678 4401; x_wconf 88' lang='lat' dir='ltr'><strong>braebium,</strong></span> <span class='ocrx_word' id='word_1_626' title='bbox 701 4335 883 4393; x_wconf 86' lang='lat' dir='ltr'><strong>dormientem</strong></span> <span class='ocrx_word' id='word_1_627' title='bbox 898 4335 978 4407; x_wconf 82' lang='lat' dir='ltr'><strong>juxta</strong></span> <span class='ocrx_word' id='word_1_628' title='bbox 1001 4353 1032 4394; x_wconf 85' lang='lat' dir='ltr'><strong>se</strong></span> <span class='ocrx_word' id='word_1_629' title='bbox 1082 4337 1173 4406; x_wconf 87' lang='lat' dir='ltr'><strong>lumen</strong></span> <span class='ocrx_word' id='word_1_630' title='bbox 1186 4345 1318 4392; x_wconf 75' lang='lat' dir='ltr'><strong>aternum</strong></span> <span class='ocrx_word' id='word_1_631' title='bbox 1339 4344 1369 4391; x_wconf 89' lang='lat' dir='ltr'><strong>et</strong></span> <span class='ocrx_word' id='word_1_632' title='bbox 1382 4334 1506 4391; x_wconf 86' lang='lat' dir='ltr'><strong>remissio</strong></span> <span class='ocrx_word' id='word_1_633' title='bbox 1520 4347 1705 4405; x_wconf 89' lang='lat' dir='ltr'><strong>peccatorum,</strong></span> <span class='ocrx_word' id='word_1_634' title='bbox 1719 4349 1815 4394; x_wconf 80' lang='lat' dir='ltr'><strong>omnies</strong></span> <span class='ocrx_word' id='word_1_635' title='bbox 1828 4350 1879 4392; x_wconf 84' lang='lat' dir='ltr'><strong>tos</strong></span> <span class='ocrx_word' id='word_1_636' title='bbox 1917 4375 1921 4390; x_wconf 86' lang='lat'>.</span> <span class='ocrx_word' id='word_1_637' title='bbox 1983 4391 1984 4398; x_wconf 69' lang='grc'>,</span> 
     </span>
    </p>
   </div>
   <div class='ocr_carea' id='block_1_5' title="bbox 237 4421 1879 4679">
    <p class='ocr_par' dir='ltr' id='par_1_5' title="bbox 237 4421 1879 4679">
     <span class='ocr_line' id='line_1_46' title="bbox 238 4421 1879 4503; baseline -0.002 -21"><span class='ocrx_word' id='word_1_638' title='bbox 238 4427 339 4498; x_wconf 85' lang='lat' dir='ltr'><strong>reperit</strong></span> <span class='ocrx_word' id='word_1_639' title='bbox 351 4442 476 4499; x_wconf 91' lang='lat' dir='ltr'><strong>puerum.</strong></span> <span class='ocrx_word' id='word_1_640' title='bbox 493 4427 624 4499; x_wconf 85' lang='lat' dir='ltr'><strong>Repente,</strong></span> <span class='ocrx_word' id='word_1_641' title='bbox 645 4427 815 4499; x_wconf 76' lang='lat' dir='ltr'><strong>stupefactus</strong></span> <span class='ocrx_word' id='word_1_642' title='bbox 829 4430 913 4503; x_wconf 74' lang='grc'><strong>639</strong></span> <span class='ocrx_word' id='word_1_643' title='bbox 928 4439 960 4487; x_wconf 80' lang='lat' dir='ltr'><strong>et</strong></span> <span class='ocrx_word' id='word_1_644' title='bbox 973 4431 1030 4487; x_wconf 84' lang='lat' dir='ltr'><strong>ral—</strong></span> <span class='ocrx_word' id='word_1_645' title='bbox 1084 4425 1218 4480; x_wconf 88' lang='lat' dir='ltr'><strong>illuminet</strong></span> <span class='ocrx_word' id='word_1_646' title='bbox 1239 4434 1268 4480; x_wconf 90' lang='lat' dir='ltr'><strong>et</strong></span> <span class='ocrx_word' id='word_1_647' title='bbox 1281 4423 1414 4489; x_wconf 80' lang='lat' dir='ltr'><strong>absoluat,</strong></span> <span class='ocrx_word' id='word_1_648' title='bbox 1437 4421 1612 4494; x_wconf 86' lang='lat' dir='ltr'><strong>sedulamque</strong></span> <span class='ocrx_word' id='word_1_649' title='bbox 1636 4424 1689 4479; x_wconf 80' lang='lat' dir='ltr'><strong>niel</strong></span> <span class='ocrx_word' id='word_1_650' title='bbox 1718 4422 1879 4480; x_wconf 87' lang='lat' dir='ltr'><strong>memoriam</strong></span> 
     </span>
     <span class='ocr_line' id='line_1_47' title="bbox 237 4509 1878 4600; baseline 0 -28"><span class='ocrx_word' id='word_1_651' title='bbox 237 4516 271 4572; x_wconf 91' lang='lat' dir='ltr'><strong>de</strong></span> <span class='ocrx_word' id='word_1_652' title='bbox 287 4519 459 4591; x_wconf 88' lang='lat' dir='ltr'><strong>perterritus,</strong></span> <span class='ocrx_word' id='word_1_653' title='bbox 473 4516 589 4574; x_wconf 78' lang='lat' dir='ltr'><strong>festinus</strong></span> <span class='ocrx_word' id='word_1_654' title='bbox 598 4517 731 4600; x_wconf 74' lang='lat' dir='ltr'><strong>exsurgit,</strong></span> <span class='ocrx_word' id='word_1_655' title='bbox 744 4517 884 4575; x_wconf 83' lang='lat' dir='ltr'><strong>lucernam</strong></span> <span class='ocrx_word' id='word_1_656' title='bbox 894 4521 1031 4585; x_wconf 87' lang='lat' dir='ltr'><strong>accendit,</strong></span> <span class='ocrx_word' id='word_1_657' title='bbox 1045 4509 1071 4570; x_wconf 88' lang='lat' dir='ltr'><strong>b</strong></span> <span class='ocrx_word' id='word_1_658' title='bbox 1085 4518 1113 4575; x_wconf 91' lang='lat' dir='ltr'><strong>in</strong></span> <span class='ocrx_word' id='word_1_659' title='bbox 1129 4520 1233 4574; x_wconf 85' lang='lat' dir='ltr'><strong>sanctis</strong></span> <span class='ocrx_word' id='word_1_660' title='bbox 1247 4516 1418 4573; x_wconf 89' lang='lat' dir='ltr'><strong>orationibus</strong></span> <span class='ocrx_word' id='word_1_661' title='bbox 1430 4516 1529 4573; x_wconf 82' lang='lat' dir='ltr'><strong>uestris</strong></span> <span class='ocrx_word' id='word_1_662' title='bbox 1543 4531 1592 4572; x_wconf 84' lang='lat' dir='ltr'><strong>ros</strong></span> <span class='ocrx_word' id='word_1_663' title='bbox 1610 4515 1712 4573; x_wconf 86' lang='lat' dir='ltr'><strong>babere</strong></span> <span class='ocrx_word' id='word_1_664' title='bbox 1728 4517 1878 4588; x_wconf 83' lang='lat' dir='ltr'><strong>praecipiat.</strong></span> 
     </span>
     <span class='ocr_line' id='line_1_48' title="bbox 238 4608 1707 4679; baseline -0.001 -14"><span class='ocrx_word' id='word_1_665' title='bbox 238 4616 378 4679; x_wconf 87' lang='lat' dir='ltr'><strong>totamque</strong></span> <span class='ocrx_word' id='word_1_666' title='bbox 389 4610 500 4665; x_wconf 91' lang='lat' dir='ltr'><strong>domum</strong></span> <span class='ocrx_word' id='word_1_667' title='bbox 514 4608 631 4665; x_wconf 89' lang='lat' dir='ltr'><strong>sollicita</strong></span> <span class='ocrx_word' id='word_1_668' title='bbox 642 4608 799 4666; x_wconf 83' lang='lat' dir='ltr'><strong>curiositate</strong></span> <span class='ocrx_word' id='word_1_669' title='bbox 810 4610 957 4679; x_wconf 88' lang='lat' dir='ltr'><strong>circuiens,</strong></span> <span class='ocrx_word' id='word_1_670' title='bbox 972 4625 1034 4667; x_wconf 89' lang='lat' dir='ltr'><strong>om·</strong></span> <span class='ocrx_word' id='word_1_671' title='bbox 1249 4609 1292 4665; x_wconf 87' lang='lat' dir='ltr'><strong>Sit</strong></span> <span class='ocrx_word' id='word_1_672' title='bbox 1303 4626 1398 4665; x_wconf 85' lang='lat' dir='ltr'><strong>nomen</strong></span> <span class='ocrx_word' id='word_1_673' title='bbox 1412 4608 1518 4664; x_wconf 75' lang='lat' dir='ltr'><strong>domiai</strong></span> <span class='ocrx_word' id='word_1_674' title='bbox 1533 4609 1707 4666; x_wconf 71' lang='lat' dir='ltr'><strong>bendictum.</strong></span> 
     </span>
    </p>
   </div>
   <div class='ocr_carea' id='block_1_6' title="bbox 247 4765 1875 4803">
    <p class='ocr_par' dir='ltr' id='par_1_6' title="bbox 247 4765 1875 4803">
     <span class='ocr_line' id='line_1_49' title="bbox 247 4765 1875 4803; baseline -0.001 -3"><span class='ocrx_word' id='word_1_675' title='bbox 247 4765 1875 4803; x_wconf 44' lang='lat' dir='ltr'><strong>mmm</strong></span> 
     </span>
    </p>
   </div>
   <div class='ocr_carea' id='block_1_7' title="bbox 251 4912 1844 5054">
    <p class='ocr_par' dir='ltr' id='par_1_7' title="bbox 251 4912 1844 5054">
     <span class='ocr_line' id='line_1_50' title="bbox 251 4912 1844 5054; baseline 0.009 -15"><span class='ocrx_word' id='word_1_676' title='bbox 251 4912 434 4989; x_wconf 59' lang='lat'><strong>“¹⁴⁴²</strong></span> <span class='ocrx_word' id='word_1_677' title='bbox 474 4932 905 5052; x_wconf 84' lang='lat' dir='ltr'>OPUSCULUM</span> <span class='ocrx_word' id='word_1_678' title='bbox 947 4930 1396 5051; x_wconf 82' lang='lat' dir='ltr'><strong>TRIGESIMUM</strong></span> <span class='ocrx_word' id='word_1_679' title='bbox 1452 4933 1844 5054; x_wconf 84' lang='lat' dir='ltr'><strong>SEPTIMUM.</strong></span> 
     </span>
    </p>
   </div>
   <div class='ocr_carea' id='block_1_8' title="bbox 315 5123 1797 5285">
    <p class='ocr_par' dir='ltr' id='par_1_8' title="bbox 315 5123 1797 5285">
     <span class='ocr_line' id='line_1_51' title="bbox 315 5123 1797 5206; baseline -0.004 -5"><span class='ocrx_word' id='word_1_680' title='bbox 315 5138 372 5201; x_wconf 81' lang='lat' dir='ltr'><strong>DE</strong></span> <span class='ocrx_word' id='word_1_681' title='bbox 396 5133 533 5199; x_wconf 81' lang='lat' dir='ltr'><strong>vttttts</strong></span> <span class='ocrx_word' id='word_1_682' title='bbox 554 5130 692 5196; x_wconf 75' lang='lat' dir='ltr'><strong>sactis</strong></span> <span class='ocrx_word' id='word_1_683' title='bbox 716 5129 1042 5206; x_wconf 77' lang='lat' dir='ltr'><strong>QdAEsTtontbtts,</strong></span> <span class='ocrx_word' id='word_1_684' title='bbox 1065 5127 1333 5192; x_wconf 67' lang='lat' dir='ltr'><strong>tuscanicis</strong></span> <span class='ocrx_word' id='word_1_685' title='bbox 1356 5123 1535 5194; x_wconf 78' lang='lat' dir='ltr'><strong>Etttsbbtt</strong></span> <span class='ocrx_word' id='word_1_686' title='bbox 1556 5130 1797 5196; x_wconf 78' lang='lat' dir='ltr'>ARGUMENTI</span> 
     </span>
     <span class='ocr_line' id='line_1_52' title="bbox 644 5206 1461 5285; baseline -0.002 -13"><span class='ocrx_word' id='word_1_687' title='bbox 644 5209 933 5273; x_wconf 73' lang='lat' dir='ltr'><strong>Tascrnttotts</strong></span> <span class='ocrx_word' id='word_1_688' title='bbox 952 5209 1136 5272; x_wconf 81' lang='lat' dir='ltr'>PRIOREM</span> <span class='ocrx_word' id='word_1_689' title='bbox 1156 5206 1461 5285; x_wconf 66' lang='lat' dir='ltr'><strong>const-aodimus.</strong></span> 
     </span>
    </p>
   </div>
   <div class='ocr_carea' id='block_1_9' title="bbox 236 5388 1877 5721">
    <p class='ocr_par' dir='ltr' id='par_1_9' title="bbox 236 5388 1877 5721">
     <span class='ocr_line' id='line_1_53' title="bbox 236 5388 1877 5469; baseline 0.002 -18"><span class='ocrx_word' id='word_1_690' title='bbox 236 5393 437 5452; x_wconf 70' lang='lat' dir='ltr'><strong>Aaronem.</strong></span> <span class='ocrx_word' id='word_1_691' title='bbox 448 5421 483 5432; x_wconf 95' lang='lat'><em>-</em></span> <span class='ocrx_word' id='word_1_692' title='bbox 494 5390 665 5460; x_wconf 79' lang='lat' dir='ltr'><strong>Quaestiones</strong></span> <span class='ocrx_word' id='word_1_693' title='bbox 682 5388 814 5461; x_wconf 83' lang='lat' dir='ltr'><strong>quasdam</strong></span> <span class='ocrx_word' id='word_1_694' title='bbox 829 5389 864 5445; x_wconf 86' lang='lat' dir='ltr'><strong>ab</strong></span> <span class='ocrx_word' id='word_1_695' title='bbox 876 5388 1015 5455; x_wconf 78' lang='lat' dir='ltr'><strong>tiburien,</strong></span> <span class='ocrx_word' id='word_1_696' title='bbox 1029 5406 1063 5447; x_wconf 91' lang='lat' dir='ltr'><strong>ex</strong></span> <span class='ocrx_word' id='word_1_697' title='bbox 1077 5390 1218 5449; x_wconf 74' lang='lat' dir='ltr'><strong>casinensi</strong></span> <span class='ocrx_word' id='word_1_698' title='bbox 1239 5390 1412 5448; x_wconf 81' lang='lat' dir='ltr'><strong>monachos.</strong></span> <span class='ocrx_word' id='word_1_699' title='bbox 1431 5391 1463 5446; x_wconf 82' lang='lat' dir='ltr'><strong>li.</strong></span> <span class='ocrx_word' id='word_1_700' title='bbox 1476 5391 1508 5447; x_wconf 86' lang='lat' dir='ltr'><strong>li.</strong></span> <span class='ocrx_word' id='word_1_701' title='bbox 1522 5391 1672 5459; x_wconf 88' lang='lat' dir='ltr'><strong>cardinale,</strong></span> <span class='ocrx_word' id='word_1_702' title='bbox 1687 5392 1740 5450; x_wconf 92' lang='lat' dir='ltr'><strong>sibi</strong></span> <span class='ocrx_word' id='word_1_703' title='bbox 1754 5398 1877 5469; x_wconf 89' lang='lat' dir='ltr'><strong>proposi·</strong></span> 
     </span>
     <span class='ocr_line' id='line_1_54' title="bbox 273 5459 1876 5590; baseline 0.006 -74"><span class='ocrx_word' id='word_1_704' title='bbox 273 5462 461 5590; x_wconf 49' lang='lat' dir='ltr'><strong>mirsaetrrtit:</strong></span> <span class='ocrx_word' id='word_1_705' title='bbox 481 5470 550 5528; x_wconf 89' lang='lat' dir='ltr'><strong>tum,</strong></span> <span class='ocrx_word' id='word_1_706' title='bbox 569 5468 678 5532; x_wconf 84' lang='lat' dir='ltr'><strong>sumpta</strong></span> <span class='ocrx_word' id='word_1_707' title='bbox 692 5459 856 5527; x_wconf 81' lang='lat' dir='ltr'><strong>occasione,</strong></span> <span class='ocrx_word' id='word_1_708' title='bbox 880 5459 939 5515; x_wconf 88' lang='lat' dir='ltr'><strong>loca</strong></span> <span class='ocrx_word' id='word_1_709' title='bbox 965 5461 1094 5517; x_wconf 89' lang='lat' dir='ltr'><strong>nonnulla</strong></span> <span class='ocrx_word' id='word_1_710' title='bbox 1116 5466 1144 5517; x_wconf 90' lang='lat' dir='ltr'><strong>tn</strong></span> <span class='ocrx_word' id='word_1_711' title='bbox 1155 5463 1242 5518; x_wconf 85' lang='lat' dir='ltr'><strong>sacris</strong></span> <span class='ocrx_word' id='word_1_712' title='bbox 1256 5461 1324 5518; x_wconf 75' lang='lat' dir='ltr'><strong>ltus</strong></span> <span class='ocrx_word' id='word_1_713' title='bbox 1332 5465 1356 5517; x_wconf 85' lang='lat' dir='ltr'><strong>is</strong></span> <span class='ocrx_word' id='word_1_714' title='bbox 1382 5475 1521 5519; x_wconf 83' lang='lat' dir='ltr'><strong>erearum</strong></span> <span class='ocrx_word' id='word_1_715' title='bbox 1547 5464 1741 5533; x_wconf 84' lang='lat' dir='ltr'><strong>interpretibus</strong></span> <span class='ocrx_word' id='word_1_716' title='bbox 1759 5467 1876 5526; x_wconf 80' lang='lat' dir='ltr'><strong>obseura</strong></span> 
     </span>
     <span class='ocr_line' id='line_1_55' title="bbox 272 5641 1873 5721; baseline 0.001 -17"><span class='ocrx_word' id='word_1_717' title='bbox 272 5646 410 5704; x_wconf 79' lang='grc' dir='ltr'>Διιιιιιο</span> <span class='ocrx_word' id='word_1_718' title='bbox 424 5644 577 5709; x_wconf 78' lang='lat' dir='ltr'><strong>uenerando</strong></span> <span class='ocrx_word' id='word_1_719' title='bbox 591 5642 680 5709; x_wconf 78' lang='lat' dir='ltr'><strong>fratri,</strong></span> <span class='ocrx_word' id='word_1_720' title='bbox 704 5641 812 5700; x_wconf 79' lang='lat' dir='ltr'><strong>Parrus</strong></span> <span class='ocrx_word' id='word_1_721' title='bbox 831 5653 959 5713; x_wconf 86' lang='lat' dir='ltr'><strong>peccator</strong></span> <span class='ocrx_word' id='word_1_722' title='bbox 972 5658 1030 5701; x_wconf 88' lang='lat' dir='ltr'><strong>mo·</strong></span> <span class='ocrx_word' id='word_1_723' title='bbox 1121 5643 1205 5700; x_wconf 75' lang='lat' dir='ltr'><strong>Vetus</strong></span> <span class='ocrx_word' id='word_1_724' title='bbox 1234 5651 1329 5700; x_wconf 86' lang='lat' dir='ltr'><strong>narrat</strong></span> <span class='ocrx_word' id='word_1_725' title='bbox 1359 5642 1472 5699; x_wconf 88' lang='lat' dir='ltr'><strong>bistoria</strong></span> <span class='ocrx_word' id='word_1_726' title='bbox 1502 5643 1565 5715; x_wconf 91' lang='lat' dir='ltr'><strong>qnia</strong></span> <span class='ocrx_word' id='word_1_727' title='bbox 1592 5660 1655 5702; x_wconf 84' lang='lat' dir='ltr'><strong>cunr</strong></span> <span class='ocrx_word' id='word_1_728' title='bbox 1687 5646 1736 5704; x_wconf 89' lang='lat' dir='ltr'><strong>illil</strong></span> <span class='ocrx_word' id='word_1_729' title='bbox 1762 5646 1873 5721; x_wconf 83' lang='lat' dir='ltr'><strong>losepb,</strong></span> 
     </span>
    </p>
   </div>
   <div class='ocr_carea' id='block_1_10' title="bbox 276 5732 1874 5810">
    <p class='ocr_par' dir='ltr' id='par_1_10' title="bbox 276 5732 1874 5810">
     <span class='ocr_line' id='line_1_56' title="bbox 276 5732 1874 5810; baseline 0.001 -16"><span class='ocrx_word' id='word_1_730' title='bbox 276 5777 279 5780; x_wconf 92' lang='lat'>-</span> <span class='ocrx_word' id='word_1_731' title='bbox 310 5736 471 5795; x_wconf 72' lang='lat' dir='ltr'><strong>assaturam</strong></span> <span class='ocrx_word' id='word_1_732' title='bbox 490 5736 517 5792; x_wconf 89' lang='lat' dir='ltr'><strong>in</strong></span> <span class='ocrx_word' id='word_1_733' title='bbox 533 5734 658 5792; x_wconf 83' lang='lat' dir='ltr'><strong>Domino.</strong></span> <span class='ocrx_word' id='word_1_734' title='bbox 1084 5735 1213 5807; x_wconf 82' lang='lat' dir='ltr'><strong>prraim</strong></span> <span class='ocrx_word' id='word_1_735' title='bbox 1231 5735 1337 5792; x_wconf 85' lang='lat' dir='ltr'><strong>scilieet</strong></span> <span class='ocrx_word' id='word_1_736' title='bbox 1363 5743 1391 5789; x_wconf 91' lang='lat' dir='ltr'><strong>et</strong></span> <span class='ocrx_word' id='word_1_737' title='bbox 1412 5732 1546 5803; x_wconf 72' lang='lat' dir='ltr'><strong>Manasse,</strong></span> <span class='ocrx_word' id='word_1_738' title='bbox 1572 5735 1670 5794; x_wconf 90' lang='lat' dir='ltr'><strong>latiora</strong></span> <span class='ocrx_word' id='word_1_739' title='bbox 1694 5737 1874 5810; x_wconf 77' lang='lat' dir='ltr'><strong>possessionis</strong></span> 
     </span>
    </p>
   </div>
   <div class='ocr_carea' id='block_1_11' title="bbox 0 0 2014 6192">
    <p class='ocr_par' dir='ltr' id='par_1_11' title="bbox 0 0 2014 6192">
     <span class='ocr_line' id='line_1_57' title="bbox 0 0 2014 6192; baseline 0 2"><span class='ocrx_word' id='word_1_740' title='bbox 0 0 2014 6192; x_wconf 95' lang='lat' dir='ltr'><strong> </strong></span> 
     </span>
    </p>
   </div>
  </div>
 </body>
</html>
