4017 6192
111 212 165 275 759
280 196 281 201 ¹
340 213 369 275 S.
393 215 503 275 PETRI
521 215 683 279 DAlllANl
702 219 783 280 OPP.
803 220 929 282 rodus
948 220 1020 282 SEU
1040 220 1135 289 RARS
1153 221 1205 282 III.
1227 253 1260 265 -
1279 219 1477 283 OPUSGULA
1496 223 1626 284 vaula.
1802 226 1859 287 760

111 348 211 404 utrum
224 342 375 417 pulmento
386 343 533 419 quolibet,
549 346 613 404 ovis
625 347 671 405 vel
685 364 766 407 caseo
781 345 1124 419 vescereturzblaetitia3
1155 349 1185 406 in
1205 349 1301 407 fratris
1314 348 1443 409 adventu
1456 364 1522 409 caro
1541 357 1590 409 tua
1612 314 1717 410 sentiat
1736 351 1858 425 relrige-

111 432 235 506 negavit.
250 432 364 493 Rursus
377 434 402 492 si
426 432 556 507 piscibus
569 441 620 493 aut
644 435 764 510 pomis?
791 437 896 502 Pisces,
912 436 963 506 ait,
1005 434 1094 507 rium,
1114 450 1168 493 nec
1188 436 1313 495 multum
1334 437 1446 508 timeas,
1470 436 1495 495 si
1518 436 1610 497 solitas
1630 437 1779 498 servitutis
1798 453 1859 497 non

111 528 140 582 et
152 537 247 597 poma,
264 523 289 582 si
301 539 359 599 qua
373 531 451 597 sunt,
467 524 673 598 aegrotantibus
687 526 824 601 praebeo,
839 543 965 602 quorum
1005 524 1126 598 impleas
1138 539 1273 597 pensum.
1290 524 1423 584 Pulsante
1439 524 1574 586 cellulam
1595 533 1676 586 tuam
1691 526 1777 586 tratre
1790 542 1859 601 pro-

113 629 169 673 non
191 614 344 672 minimam
365 614 586 672 multitudinem
606 614 703 687 iacere
725 617 756 675 in
779 618 961 691 nostrispar·
1006 613 1084 672 tinus
1117 613 1212 671 tristes
1234 628 1314 687 rugae
1337 612 1493 684 discedant,
1519 620 1663 674 contracta
1687 631 1718 674 se
1744 630 1796 674 ora
1810 630 1858 673 re-

112 704 190 762 tibus
213 690 378 777 ingemisco.
405 703 537 779 Cumque
563 704 647 764 illum
673 707 765 767 durus
789 714 907 767 exactor
932 708 964 767 in
1004 702 1132 774 solvant,
1155 718 1256 763 serena
1277 703 1362 761 iacies
1379 710 1530 775 occurrat,
1551 705 1656 764 festina
1679 705 1759 764 trous
1783 704 1859 765 laeti·

111 799 234 866 augusto
245 791 457 861 concluderem,
473 791 571 852 dicens
586 818 593 852 :
610 794 692 853 Unde
707 812 774 870 argo
788 796 849 855 illis
862 794 964 855 diebus
1004 788 1074 847 uam
1101 791 1243 864 praeietat·
1273 788 1426 848 Proculum
1454 790 1485 847 iu
1514 798 1542 847 le
1566 791 1668 850 mortis
1693 792 1857 866 periculum

110 881 261 940 remissius
275 880 361 952 vivis,
375 880 400 939 si
415 881 491 940 nibil
508 897 610 941 eorum
624 884 752 941 comedis
766 899 832 958 quaa
848 898 966 942 neeesse
1004 877 1121 953 deputa,
1137 879 1167 937 in
1191 878 1257 937 aliis
1272 878 1456 951 fragilitatem
1471 879 1646 938 conditionis
1660 882 1782 955 appella.
1803 880 1858 939 lle-

111 970 149 1031 sit
163 971 209 1029 vel
222 969 339 1044 ignibus
361 970 494 1045 decoqui,
511 971 557 1031 vel
585 972 618 1031 in
643 973 797 1033 arboribus
812 970 964 1032 inveniri?
1004 983 1090 1028 ocrne
1112 967 1205 1027 alium
1226 968 1321 1027 ferula
1348 968 1481 1041 dignum,
1504 969 1582 1028 unde
1608 976 1635 1027 te
1657 969 1859 1045 scorpionibus

112 1061 291 1136 respondit:
320 1059 469 1131 Ferreolo,
508 1061 613 1137 inquit,
643 1077 709 1120 cum
736 1079 811 1136 pane
844 1063 967 1121 libenter
1006 1056 1154 1117 arbitraris
1187 1057 1358 1116 obnoxium.
1389 1056 1454 1116 Nou
1490 1058 1531 1117 sis
1558 1057 1663 1133 justior
1695 1060 1795 1134 justo;
1831 1066 1860 1118 at

111 1167 220 1213 vescor.
236 1152 304 1211 lllox
320 1152 459 1210 nimirum
475 1153 565 1226 perite
576 1154 698 1227 cognovi
711 1169 800 1227 qnam
813 1152 966 1212 carnaliter
1006 1150 1059 1223 qui
1079 1149 1162 1207 times
1181 1154 1293 1222 peecata
1315 1147 1503 1220 committere,
1526 1164 1585 1208 non
1609 1148 1724 1208 dubites
1741 1150 1860 1209 veniam

111 1244 200 1302 bomo
226 1240 346 1311 viveret,
368 1241 419 1315 qui
439 1255 506 1300 suas
523 1241 640 1301 delicias
654 1242 685 1301 in
706 1242 834 1303 feniculo
858 1240 967 1302 consti·
1006 1237 1193 1314 peccantibus
1220 1236 1375 1311 impcrtire.
1401 1237 1466 1296 Non
1488 1244 1532 1297 est
1557 1237 1609 1296 illa
1637 1244 1713 1297 recta
1733 1239 1859 1314 iustitia,

115 1332 224 1391 luisset.
244 1328 339 1387 Habet
357 1330 441 1404 plane
470 1328 592 1389 uberem
616 1328 810 1405 lacrymarum
830 1331 963 1410 gratiam,
1007 1342 1075 1401 quaa
1093 1325 1124 1384 in
1139 1325 1343 1400 desperationis
1365 1327 1478 1386 foveam
1505 1334 1614 1386 mentes
1630 1327 1771 1401 pertrabit
1785 1327 1859 1386 alie-

113 1420 164 1481 sed
187 1418 337 1477 alternam.
358 1419 431 1477 Cum
455 1419 534 1477 enim
554 1419 685 1479 reclusus
707 1419 762 1479 sub
781 1420 909 1482 districto
934 1441 965 1486 se
1009 1430 1070 1473 11³³·
1091 1414 1154 1472 Non
1175 1420 1218 1472 081
1239 1414 1383 1473 medicina
1404 1414 1569 1485 laudabilis,
1582 1430 1650 1490 quae
1675 1416 1717 1474 Sic
1742 1415 1860 1489 butrida

112 1509 229 1568 silentio
251 1508 392 1582 reprimit,
411 1524 491 1577 mox,
514 1516 547 1567 ut
565 1509 699 1578 voluerit,
719 1510 870 1572 affluenter
886 1514 966 1589 plan·
1008 1508 1135 1572 resecat,
1160 1508 1193 1562 ut
1222 1502 1310 1561 Simul
1335 1501 1422 1560 etiam
1448 1516 1518 1559 ⁸³11&
1544 1508 1718 1575 colruffilli·
1744 1501 1860 1561 NOKiUS

112 1603 154 1676 git
171 1600 257 1659 :atsi
273 1600 416 1674 colloquio
439 1601 646 1675 frequentetur,
660 1601 760 1661 fletum
785 1620 815 1662 se
834 1607 966 1667 amisisse
1007 1592 1085 1666 ignis
1110 1596 1162 1660 est,
1177 1592 1228 1666 qui
1248 1590 1289 1649 ⁵5⁰
1310 1590 1412 1649 nititur
1439 1605 1539 1664 Vellei
1552 1606 1686 1662 exulem,
1702 1597 1735 1650 ut
1748 1590 1860 1650 lllssffiat

113 1692 309 1765 conqueritur.
336 1690 408 1749 Nam
429 1699 457 1749 er
477 1707 531 1764 ego
554 1693 596 1751 1111
620 1707 697 1767 saepe
721 1698 872 1768 penuriam
895 1681 1095 1766 meaeBetiam
1121 1680 1222 1740 domos
1245 1679 1338 1753 globis
1362 1679 1527 1740 furentibus
1554 1681 1741 1754 conflagrare.
1770 1681 1858 1739 Enim

114 1779 254 1839 tarditatis
269 1778 440 1852 impropero,
456 1780 555 1840 diceus
571 1802 578 1840 ε
594 1781 678 1842 Heul
705 1785 840 1860 inquam,
856 1789 897 1847 mi
915 1805 968 1863 pa·
1008 1785 1088 1840 ΜΟ,
1115 1771 1167 1845 qui
1198 1769 1321 1828 alimum
1348 1767 1418 1826 Vitia
1445 1782 1482 1825 ⁰⁸
1506 1782 1586 1825 ¹1¹⁰P⁰
1607 1766 1730 1826 libentes
1756 1769 1859 1843 carpit,

114 1872 164 1936 ter,
180 1867 242 1926 istae
268 1874 327 1926 tuae
348 1868 485 1943 lacrymas,
510 1869 675 1931 infecundae
702 1878 780 1946 sunt,
804 1890 870 1949 ΨΜ,
897 1878 969 1939 apag
1009 1860 1115 1936 peccati
1137 1859 1280 1918 maculam
1294 1873 1353 1916 non
1366 1856 1477 1928 evadet,
1494 1858 1563 1930 quia
1581 1857 1646 1955 licet
1664 1857 1725 1917 celo
1736 1858 1860 1931 justitiae

113 1958 222 2020 orando
238 1958 379 2033 lacrymas
394 1976 494 2035 parere
505 1969 663 2036 nequeunt.
678 1964 812 2039 Optarem
830 1984 968 2044 namque,
1009 1948 1128 2016 ferveat»
1157 1944 1313 2046 {Imm
1344 1950 1525 2046 neoesseflfft
1551 1950 1584 2005 ¹¹²
1606 1959 1638 2003 ¹⁰
1664 1944 1784 2018 ¹³q¹¹⁰⁰⁸
1808 1944 1859 2046 ‘¹5‘

113 2051 190 2128 quod
212 2066 392 2126 consequens
418 2059 470 2124 est,
498 2052 650 2127 nimirum,
676 2062 709 2114 ut
731 2056 808 2115 sicut
833 2064 864 2117 ru
895 2060 967 2118 mppr
1010 2037 1157 2097 tractionis
1169 2041 1319 2109 impingat.
1337 2034 1436 2107 Plane,
1449 2051 1506 2094 msr
1520 2034 1648 2094 mullum
1662 2042 1761 2094 nostra
1775 2035 1860 2094 nobas

113 2147 193 2215 pater
213 2156 255 2211 cs,
276 2140 314 2199 ita
336 2141 528 2202 nibilominus
547 2150 575 2203 et
599 2151 657 2204 tuae
680 2145 815 2222 lacrymae
838 2156 968 2211 mearum
1010 2129 1070 2188 Vim
1092 2127 1323 2202 illessdffloelet·
1355 2142 1412 2184 ⁰0¹1
1451 2131 1597 2225 &lumbers
1629 2124 1735 2224 nostris
1765 2123 1860 2183 oculis

113 2245 228 2306 quoqne
241 2231 436 2306 lacrymarum
450 2234 553 2293 fierent
567 2234 735 2309 genitr-1005,
1009 2217 1104 2277 aliena
1121 2216 1300 2276 conversatio
1323 2215 1495 2290 displiceret.
1513 2213 1543 2274 Si
1562 2214 1684 2273 districti
1707 2229 1784 2273 circa
1805 2229 1860 2274 uos

1010 2321 1149 2376 essemus,
1166 2310 1199 2364 ut
1222 2304 1347 2377 dignum
1372 2310 1425 2375 est,
1441 2303 1564 2377 judices,
1580 2317 1639 2361 oon
1665 2308 1725 2362 tam
1751 2302 1861 2374 rigidos

454 2393 576 2454 CAPUT
590 2396 625 2455 Χ.
1011 2394 1193 2470 experiretur
1215 2392 1311 2452 aliena
1329 2391 1413 2466 culpa
1428 2407 1579 2462 censores;
1604 2392 1635 2450 iu
1656 2390 1729 2450 alios
1752 2390 1861 2449 scilicet

1011 2484 1172 2557 discipliuae
1183 2490 1290 2541 nostrae
1304 2482 1385 2556 vigor
1396 2480 1572 2552 extenditur,
1584 2480 1656 2539 dum
1671 2480 1746 2539 circa
1757 2495 1861 2539 exces-

1012 2589 1063 2633 sus
1075 2571 1204 2647 proprios
1217 2571 1277 2631 sola
1292 2570 1405 2645 pietatis
1419 2576 1446 2630 et
1467 2569 1701 2628 mansuetudinis
1713 2570 1782 2644 jura
1800 2585 1861 2628 ser·

151 2647 269 2707 Possem
283 2649 335 2707 tibi
349 2650 445 2710 adbuc
460 2652 551 2711 multa
559 2652 690 2728 quidem,
705 2661 733 2712 et
746 2655 804 2714 alia
819 2672 876 2716 non
891 2658 971 2731 igno
1012 2669 1126 2721 vantur.
1144 2655 1430 2734 Sedquorsumistai
1442 2659 1516 2727 Quia
1526 2658 1632 2718 dideris
1642 2674 1744 2717 omncs
1759 2658 1861 2718 fratres

117 2737 221 2799 biliora
244 2739 280 2797 de
305 2739 362 2804 bis,
377 2739 428 2812 qui
450 2740 535 2798 nobis
560 2742 620 2799 noti
644 2750 722 2813 sunt,
739 2743 878 2805 iratribus
898 2749 970 2806 seri·
1012 2756 1078 2810 tuos
1103 2757 1161 2808 tam
1186 2754 1310 2820 austera,
1331 2753 1391 2807 tam
1414 2749 1601 2824 superciliosa
1618 2749 1778 2825 dijudicare
1799 2766 1862 2809 sen·

117 2831 197 2900 bere,
208 2828 233 2887 si
244 2845 304 2888 non
316 2845 489 2904 magnopere
500 2831 753 2907 luxuriantisstyli
762 2833 909 2894 fastidium
920 2836 971 2895 de·
1013 2837 1111 2908 tentia,
1134 2843 1167 2896 ut
1185 2851 1236 2910 per
1256 2836 1344 2895 totius
1368 2837 1439 2894 anni
1461 2837 1603 2896 circulum
1624 2838 1741 2897 nonnisi
1761 2838 1862 2909 semel,

117 2919 366 2980 vitarem.Vereor
377 2920 510 2979 etiamne
523 2921 627 2997 pagina
638 2924 700 2982 baec
713 2924 857 2986 inmanus
871 2943 971 2987 eorum
1012 2932 1040 2986 et
1066 2934 1135 2986 tunc
1163 2942 1264 2985 nona
1297 2925 1340 2985 tui
1367 2926 1534 2985 monasterii
1567 2927 1784 3000 sacerdotibus,
1812 2927 1862 2987 sod

118 3008 155 3067 de
168 3007 410 3083 quibusloquitur
425 3009 521 3067 veniat
531 3027 540 3081 ;
552 3016 579 3068 et
594 3026 695 3070 eorum
709 3014 832 3086 animos,
849 3016 899 3090 qui
911 3014 973 3074 lau·
1013 3019 1132 3080 aliunde
1149 3017 1288 3092 quaesitis,
1307 3016 1408 3075 divina
1426 3017 1566 3092 percipias
1586 3026 1775 3077 sacramenta.
1795 3018 1864 3078 Dico

119 3100 183 3159 dari
208 3097 239 3156 in
266 3099 320 3156 bac
339 3099 398 3157 vita
423 3097 607 3159 laudabiliter
621 3109 818 3175 exsecrantur,
834 3106 969 3165 offendat.
1013 3108 1090 3184 quod
1118 3107 1213 3166 dicis:
1239 3106 1310 3177 Quis
1347 3107 1427 3166 bunc
1459 3108 1660 3182 presbyterum
1692 3107 1864 3167 ordinavit?

119 3189 190 3251 Haec
200 3196 297 3249 autem
309 3190 416 3249 idcirco
426 3191 477 3250 tibi
488 3193 893 3267 exemplaproposui‚utdum
910 3213 971 3255 ma·
1013 3201 1222 3275 Respondetur,
1254 3199 1305 3258 ille
1332 3199 1492 3273 episcopus.
1528 3198 1564 3257 Et
1597 3199 1704 3273 ipsum,
1738 3200 1793 3270 ais,
1827 3200 1863 3259 ad

118 3276 183 3352 jora
198 3276 325 3337 formosis
338 3279 464 3338 aliorum
477 3280 551 3339 bona
565 3282 739 3355 consideras,
757 3292 805 3343 tua
819 3285 970 3359 dijudices,
1014 3292 1192 3367 episcopatus
1218 3289 1345 3349 officium
1369 3289 1502 3364 qualiter,
1525 3295 1576 3348 aut
1600 3289 1667 3363 quis
1694 3290 1864 3363 promovit?

120 3372 149 3424 et
171 3373 313 3425 tumorem
334 3368 543 3439 singularitatis
569 3370 719 3445 objiciens,
735 3388 801 3432 cum
824 3374 923 3434 multis
945 3382 972 3432 te
1014 3379 1231 3455 Papascilicet;
1257 3378 1381 3454 qualiter
1397 3384 1504 3448 autem,
1522 3377 1577 3452 ipsi
1601 3379 1752 3451 viderint;
1778 3396 1862 3439 mox-

61 3532 66 3541 *
121 3455 329 3515 aliisiusacrae
342 3456 455 3516 militiae
471 3457 563 3517 stadio
572 3475 687 3518 currere
699 3475 758 3519 non
770 3461 895 3535 ignores.
908 3461 974 3521 idox
1014 3484 1072 3544 que
1103 3465 1278 3540 subiungier
1308 3466 1375 3525 Esto
1407 3466 1522 3526 undem
1551 3467 1628 3540 quod
1662 3482 1734 3542 papa
1774 3469 1864 3541 gratis

121 3546 483 3622 utdicunturealobquae
494 3549 624 3622 proprias
633 3549 708 3607 vires
720 3550 870 3619 excedant,
884 3550 975 3625 proti·
1014 3558 1180 3631 episcopum
1198 3555 1399 3626 consecravit3
1423 3555 1557 3629 nunquid
1585 3561 1612 3615 et
1640 3572 1714 3633 papa
1742 3558 1804 3633 ipse
1828 3559 1864 3618 ad

121 3648 178 3692 nus
192 3633 228 3691 ad
242 3634 420 3707 poenitentiae
440 3636 630 3710 patrocinium
645 3638 777 3695 convolat
793 3640 860 3707 (tob.
876 3642 972 3710 xxix),
1015 3644 1176 3721 apostolicae
1195 3644 1270 3703 sedis
1288 3645 1398 3719 apicem
1412 3644 1500 3718 gratis
1517 3644 1673 3705 ascendit?
1698 3646 1759 3705 Hac
1775 3647 1865 3721 igitur

122 3719 196 3778 797
214 3724 253 3784 ita
276 3732 308 3785 ut
331 3726 418 3784 etiam
442 3727 483 3784 ori
505 3742 557 3785 suo
578 3727 702 3801 digitum
722 3735 906 3802 superponat,
930 3729 972 3787 di·
1014 3732 1276 3792 interminabilium
1310 3732 1503 3807 quaestionum
1539 3734 1701 3808 pernicioso
1728 3735 1862 3809 caligine,

122 3831 206 3874 cens=
223 3815 364 3874 «Leviter
376 3818 488 3876 locutus
502 3832 567 3875 sum
584 3818 631 3890 (lb.
647 3825 771 3885 xxxix).
791 3844 803 3868 υ
820 3818 974 3893 Postquam
1015 3829 1155 3897 quantum
1180 3821 1212 3878 in
1238 3827 1266 3878 te
1293 3829 1345 3887 cst,
1373 3821 1514 3880 saeculum
1538 3837 1624 3881 omne
1647 3824 1812 3893 contundis,
1838 3830 1865 3882 ct

122 3913 199 3964 certe
225 3906 338 3965 audivit
363 3905 440 3965 Elias
476 3914 583 3982 septem
621 3908 713 3967 millia
749 3910 880 3970 virorum
908 3918 977 3969 ante
1015 3911 1094 3970 velut
1117 3926 1206 3981 mare,
1231 3911 1266 3969 de
1286 3911 1434 3985 temetipso
1461 3917 1657 3985 tempestatem
1684 3909 1756 3968 ’798
1781 3929 1865 3988 gene

122 3995 192 4055 Baal
206 4014 370 4072 gonuanon
388 3999 518 4073 flexisse,
543 4000 643 4061 didicit
663 4001 724 4075 iam
740 4018 798 4061 non
823 4003 858 4061 de
872 4004 973 4077 singu·
1016 4015 1092 4069 rans,
1113 4014 1165 4057 nec
1190 3998 1251 4072 ipse
1277 3998 1411 4073 quiescis,
1438 4013 1491 4056 nec
1512 3998 1585 4058 alios
1609 4000 1708 4058 vivere
1731 3999 1762 4058 in
1785 4008 1865 4058 tran·

121 4086 235 4149 laritate
249 4098 418 4162 tumescere,
432 4090 502 4150 dum
525 4092 624 4166 plures
639 4093 812 4152 innocentiae
826 4109 888 4154 suae
903 4111 973 4155 con·
1014 4086 1159 4163 quillilale
1182 4087 1333 4160 permittis
1347 4086 1401 4145 llis
1416 4086 1497 4144 enim
1519 4094 1548 4146 et
1570 4088 1739 4163 hujusmodi
1760 4088 1866 4163 ineptis

123 4185 213 4235 sortes
229 4177 354 4235 traherer,
382 4179 417 4237 Ει
441 4179 461 4236 ri
477 4195 557 4245 sane,
581 4195 706 4252 quorum
732 4183 865 4255 superius
890 4200 974 4243 men.
1014 4172 1245 4234 haesitationibus
1266 4176 1390 4233 baereses
1404 4191 1481 4248 saepe
1503 4182 1532 4233 et
1550 4176 1705 4235 schismata
1729 4176 1866 4251 pestilen-

123 4262 231 4323 tionem
246 4265 312 4333 ieci,
327 4280 386 4324 non
412 4265 493 4336 clari,
508 4283 567 4325 non
584 4269 696 4338 lamosi,
721 4285 780 4329 non
803 4277 879 4329 certe
894 4273 974 4348 vulgi
1014 4271 1058 4322 ter
1082 4270 1253 4337 emergunt,
1282 4280 1349 4337 quae
1376 4263 1507 4322 incautas
1534 4265 1687 4324 bominum
1711 4266 1824 4325 animas
1851 4283 1868 4325 a

122 4354 259 4428 opinione
274 4354 437 4426 notabiles;
464 4357 513 4414 sed
531 4356 719 4430 despicabiles
734 4367 762 4417 et
787 4362 910 4434 pannosi
933 4364 972 4421 ita
1015 4353 1154 4413 catholica
1179 4353 1289 4412 unitate
1321 4353 1491 4428 ltlaeeidussi·
1519 4354 1556 4414 Ut
1591 4356 1668 4414 essim
1707 4356 1803 4415 verbis
1841 4365 1866 4416 le

122 4460 153 4503 se
178 4444 262 4505 bonis
276 4446 413 4505 omnibus
430 4446 583 4506 interiores
604 4448 745 4522 iudicant,
763 4458 795 4509 ut
809 4452 895 4510 etiam
919 4469 972 4512 no·
1014 4443 1176 4518 allOfflOlissiS
1194 4443 1342 4516 ³¹¹0sl¹1³l²
1359 4466 1371 4493 ⁸
1386 4441 1431 4499 ΤΠ
1455 4444 1521 4519 (luis
1544 4461 1584 4517 0³2
1597 4445 1647 4521 qul
1667 4445 1781 4519 judicas
1794 4446 1873 4505 ³¹5&

122 4530 247 4604 bisse,
275 4536 424 4611 nostrique
453 4535 598 4595 similibus
624 4536 755 4610 quolibet
777 4541 973 4602 conversionis
1016 4552 1086 4594 noan
1111 4536 1256 4594 servum?
1283 4534 1341 4593 Suo
1363 4535 1442 4594 enim
1473 4535 1591 4594 domino
1619 4543 1754 4607 statuat
1780 4538 1865 4607 cadit,

121 4622 230 4681 indicio
254 4639 313 4683 non
339 4637 519 4702 praeponant.
546 4628 636 4687 Nobis
661 4637 758 4687 aulem
784 4629 973 4691 scilicetcon·
1014 4626 1100 4685 stabit
1116 4635 1236 4686 autem:
1262 4633 1363 4700 potens
1380 4633 1422 4686 est
1438 4627 1519 4685 enim
1543 4625 1621 4685 Deus
1637 4633 1760 4686 statuere
1779 4626 1866 4688 illurn

120 4721 269 4773 vescentes
287 4731 345 4775 non
372 4717 566 4794 dedignantur
591 4721 740 4779 communi
760 4736 861 4780 mensa
888 4724 973 4796 parti·
1014 4720 1098 4784 (Rut-
1113 4721 1187 4781 xlvi.
1207 4715 1296 4773 ¹Non
1316 4714 1483 4791 omnesqui
1504 4714 1534 4772 ill
1555 4714 1866 4791 ltlae1⁰l10⁸l1nl‚pr0·

118 4803 225 4877 cipare,
240 4805 300 4865 imo
319 4814 457 4882 tanquam
471 4827 608 4886 supparos
623 4827 711 4871 omne
727 4812 812 4872 nobis
825 4814 973 4873 chariratis
1014 4808 1113 4866 mendi
1124 4806 1277 4883 judiciales
1304 4807 1429 4866 calculos
1455 4807 1657 4867 archisterium
1684 4806 1864 4879 sortiuntur;

118 4888 247 4951 officium
274 4894 455 4956 familiariter
469 4900 618 4960 exhibent.
636 4900 681 4959 Tu
705 4916 822 4976 quoque
837 4903 861 4960 si
886 4908 970 4972 reeta,
1014 4912 1223 4973 nequeomnes
1236 4895 1287 4970 qui
1304 4903 1373 4955 sunt
1398 4895 1475 4954 iutra
1497 4894 1666 4967 Ecclesiam,
1694 4896 1790 4956 claves
1811 4896 1865 4956 Ec·

118 4978 288 5054 sidiscrete‚
305 4984 329 5043 si
345 4985 490 5046 fructuose
510 5003 562 5061 per
590 4989 666 5046 viam
694 4991 738 5048 ris
756 5006 830 5049 aere
855 4992 972 5067 religio·
1014 4988 1109 5049 clesiae
1130 4991 1326 5061 susceperunt.
1350 4983 1424 5043 Cum
1447 4986 1483 5042 ad
1502 4984 1598 5044 aliena
1618 4985 1775 5059 iudicanda
1800 4986 1866 5061 quis

116 5069 164 5127 nis
177 5070 319 5148 incedere,
335 5074 377 5134 sic
406 5075 572 5152 tibimetipsi
596 5078 636 5135 sis
660 5086 794 5138 austerus
807 5087 835 5138 et
849 5080 970 5155 rigidus,
1012 5085 1179 5150 arroganter
1200 5073 1375 5142 ostenditur,
1390 5072 1426 5131 ad
1451 5088 1484 5131 ea
1508 5073 1635 5146 proiecto
1656 5072 1866 5132 consideranda

205 2519 518 2578 Toccndaediscretionis
541 2524 691 2582 admonitio
716 2531 879 2585 necessario.

21 5188 22 5225 ι
115 5162 148 5216 ut
173 5159 239 5219 aliis
260 5164 384 5223 videaris
401 5165 502 5225 hilaris
526 5173 554 5225 et
579 5169 741 5239 remissus;
770 5170 811 5228 sic
832 5170 909 5229 intra
934 5179 971 5230 te
1013 5162 1764 5244 quaesuasuot,obtusiorinvenitur.Tuncenim
1777 5162 1866 5221 socia·

114 5248 270 5321 metipsum
297 5255 413 5314 studeas
441 5255 472 5315 in
496 5256 677 5316 rectitudinis
703 5272 767 5315 arce
795 5261 970 5333 praecellere,
1013 5255 1049 5314 lis
1074 5254 1140 5312 vitas
1160 5260 1351 5327 congruenter
1372 5255 1414 5308 est
1438 5250 1508 5308 ordo
1537 5248 1703 5324 dispositus,
1718 5249 1743 5307 si
1767 5263 1863 5309 unus·

115 5343 149 5396 ut
173 5341 290 5401 noveris
315 5350 343 5403 te
369 5353 397 5405 ct
422 5348 546 5408 intirmis
575 5349 712 5409 fratribus
741 5350 967 5411 misericorditer
1011 5345 1133 5421 quisque
1153 5344 1261 5419 proprii
1281 5342 1356 5416 iuris
1371 5339 1464 5399 limite
1478 5340 1515 5399 sit
1540 5346 1712 5399 contentus:
1735 5337 1785 5397 rabi
1809 5354 1863 5397 au·

116 5424 275 5503 inclinarer
292 5434 333 5493 sic
346 5436 376 5495 in
391 5438 529 5499 tribunali
548 5441 653 5499 mentis
676 5448 732 5500 tuae
750 5440 870 5515 iustitiae
885 5441 966 5500 trena
1001 5426 1065 5495 ¹tern
1087 5433 1159 5493 alter
1183 5431 1302 5492 alterius
1323 5431 1481 5490 terminum
1507 5428 1747 5503 supergreditur,
1769 5427 1864 5487 omnis

114 5516 294 5592 disponent
314 5530 409 5584 minen
433 5526 670 5603 delinquentibus
697 5545 756 5589 oon
780 5529 964 5599 obdurescas,
1006 5529 1131 5604 protecto
1145 5534 1219 5585 recte
1234 5523 1353 5584 vivendi
1374 5523 1452 5583 linea
1465 5536 1581 5580 necesse
1597 5526 1640 5580 est
1656 5518 1860 5579 contundatur.

114 5607 464 5687 venialiterindulgendo.
482 5615 526 5676 Sit
546 5620 575 5677 in
595 5618 680 5678 eorde
702 5632 818 5692 moeror,
834 5617 868 5676 in
881 5616 966 5677 vultu
1007 5614 1136 5677 Sufficiat
1151 5628 1219 5689 ergo
1241 5612 1326 5672 nobis
1354 5612 1536 5672 considerare
1563 5625 1630 5686 qaae
1653 5615 1750 5669 nostra
1779 5613 1862 5679 suut,
