<?xml version="1.0" encoding="UTF-8"?>
<!DOCTYPE html PUBLIC "-//W3C//DTD XHTML 1.0 Transitional//EN"
    "http://www.w3.org/TR/xhtml1/DTD/xhtml1-transitional.dtd">
<html xmlns="http://www.w3.org/1999/xhtml" xml:lang="en" lang="en">
 <head>
  <title>
</title>
<meta http-equiv="Content-Type" content="text/html;charset=utf-8" />
  <meta name='ocr-system' content='tesseract 3.04.00' />
  <meta name='ocr-capabilities' content='ocr_page ocr_carea ocr_par ocr_line ocrx_word'/>
</head>
<body>
  <div class='ocr_page' id='page_1' title='image "./patrologiaecurs129migngoog_0578.png"; bbox 0 0 4017 6192; ppageno 0'>
   <div class='ocr_carea' id='block_1_1' title="bbox 147 361 1881 448">
    <p class='ocr_par' dir='ltr' id='par_1_1' title="bbox 147 361 1881 448">
     <span class='ocr_line' id='line_1_1' title="bbox 147 361 1881 448; baseline -0.003 -1"><span class='ocrx_word' id='word_1_1' title='bbox 147 385 205 448; x_wconf 79' lang='lat' dir='ltr'><strong>uc</strong></span> <span class='ocrx_word' id='word_1_2' title='bbox 835 378 968 444; x_wconf 81' lang='lat' dir='ltr'><strong>mnia.</strong></span> <span class='ocrx_word' id='word_1_3' title='bbox 990 361 1174 443; x_wconf 61' lang='lat' dir='ltr'><strong>movens.</strong></span> <span class='ocrx_word' id='word_1_4' title='bbox 1808 371 1881 442; x_wconf 82' lang='grc' dir='ltr'>ιιιι</span> 
     </span>
    </p>
   </div>
   <div class='ocr_carea' id='block_1_2' title="bbox 146 500 1878 586">
    <p class='ocr_par' dir='ltr' id='par_1_2' title="bbox 146 500 1878 586">
     <span class='ocr_line' id='line_1_2' title="bbox 146 500 1878 586; baseline -0.005 -15"><span class='ocrx_word' id='word_1_5' title='bbox 146 512 172 571; x_wconf 92' lang='lat' dir='ltr'><strong>in</strong></span> <span class='ocrx_word' id='word_1_6' title='bbox 191 513 335 586; x_wconf 83' lang='lat' dir='ltr'><strong>quantum</strong></span> <span class='ocrx_word' id='word_1_7' title='bbox 357 522 513 570; x_wconf 74' lang='lat' dir='ltr'>excessum</span> <span class='ocrx_word' id='word_1_8' title='bbox 530 509 637 567; x_wconf 90' lang='lat' dir='ltr'><strong>mentis</strong></span> <span class='ocrx_word' id='word_1_9' title='bbox 658 523 746 584; x_wconf 89' lang='lat' dir='ltr'><strong>super</strong></span> <span class='ocrx_word' id='word_1_10' title='bbox 771 507 923 569; x_wconf 88' lang='lat' dir='ltr'><strong>bominem</strong></span> <span class='ocrx_word' id='word_1_11' title='bbox 950 505 1111 569; x_wconf 89' lang='lat' dir='ltr'><strong>adAtilicis</strong></span> <span class='ocrx_word' id='word_1_12' title='bbox 1130 507 1228 564; x_wconf 88' lang='lat' dir='ltr'><strong>Aaron</strong></span> <span class='ocrx_word' id='word_1_13' title='bbox 1242 506 1430 577; x_wconf 75' lang='lat' dir='ltr'><strong>unguentum</strong></span> <span class='ocrx_word' id='word_1_14' title='bbox 1453 502 1486 563; x_wconf 87' lang='lat' dir='ltr'><strong>in</strong></span> <span class='ocrx_word' id='word_1_15' title='bbox 1502 516 1553 562; x_wconf 91' lang='lat' dir='ltr'><strong>ore</strong></span> <span class='ocrx_word' id='word_1_16' title='bbox 1571 500 1739 562; x_wconf 68' lang='lat' dir='ltr'><strong>vestimenti</strong></span> <span class='ocrx_word' id='word_1_17' title='bbox 1752 502 1816 578; x_wconf 83' lang='lat' dir='ltr'><strong>ejus</strong></span> <span class='ocrx_word' id='word_1_18' title='bbox 1828 504 1878 563; x_wconf 89' lang='lat' dir='ltr'><strong>io·</strong></span> 
     </span>
    </p>
   </div>
   <div class='ocr_carea' id='block_1_3' title="bbox 145 591 1993 790">
    <p class='ocr_par' dir='ltr' id='par_1_3' title="bbox 145 591 1993 790">
     <span class='ocr_line' id='line_1_3' title="bbox 145 591 1991 684; baseline -0.006 -22"><span class='ocrx_word' id='word_1_19' title='bbox 145 614 250 662; x_wconf 82' lang='lat' dir='ltr'><strong>marma</strong></span> <span class='ocrx_word' id='word_1_20' title='bbox 264 598 486 677; x_wconf 90' lang='lat' dir='ltr'><strong>contemplanda</strong></span> <span class='ocrx_word' id='word_1_21' title='bbox 500 595 667 661; x_wconf 84' lang='lat' dir='ltr'><strong>consuendi.</strong></span> <span class='ocrx_word' id='word_1_22' title='bbox 1029 592 1127 665; x_wconf 86' lang='lat' dir='ltr'><strong>stillat,</strong></span> <span class='ocrx_word' id='word_1_23' title='bbox 1155 592 1226 669; x_wconf 78' lang='lat' dir='ltr'><strong>quie</strong></span> <span class='ocrx_word' id='word_1_24' title='bbox 1249 606 1302 668; x_wconf 87' lang='lat' dir='ltr'><strong>per</strong></span> <span class='ocrx_word' id='word_1_25' title='bbox 1322 591 1421 652; x_wconf 89' lang='lat' dir='ltr'><strong>beatos</strong></span> <span class='ocrx_word' id='word_1_26' title='bbox 1445 592 1597 666; x_wconf 89' lang='lat' dir='ltr'><strong>apostolos,</strong></span> <span class='ocrx_word' id='word_1_27' title='bbox 1620 597 1829 668; x_wconf 80' lang='lat' dir='ltr'><strong>consequenter</strong></span> <span class='ocrx_word' id='word_1_28' title='bbox 1851 596 1881 652; x_wconf 90' lang='lat' dir='ltr'><strong>et</strong></span> <span class='ocrx_word' id='word_1_29' title='bbox 1986 669 1991 684; x_wconf 39' lang='grc' dir='ltr'><strong>ι</strong></span> 
     </span>
     <span class='ocr_line' id='line_1_4' title="bbox 320 680 1993 790; baseline -0.004 -43"><span class='ocrx_word' id='word_1_30' title='bbox 320 709 326 720; x_wconf 94' lang='grc'><em>·</em></span> <span class='ocrx_word' id='word_1_31' title='bbox 476 729 599 790; x_wconf 65' lang='lat' dir='ltr'>CAPUT</span> <span class='ocrx_word' id='word_1_32' title='bbox 613 729 650 789; x_wconf 41' lang='lat' dir='ltr'><strong>X·</strong></span> <span class='ocrx_word' id='word_1_33' title='bbox 1030 688 1143 743; x_wconf 88' lang='lat' dir='ltr'><strong>sanctos</strong></span> <span class='ocrx_word' id='word_1_34' title='bbox 1158 687 1297 756; x_wconf 78' lang='lat' dir='ltr'><strong>martyres</strong></span> <span class='ocrx_word' id='word_1_35' title='bbox 1311 696 1345 741; x_wconf 91' lang='lat' dir='ltr'><strong>ac</strong></span> <span class='ocrx_word' id='word_1_36' title='bbox 1363 680 1501 755; x_wconf 88' lang='lat' dir='ltr'><strong>deinceps</strong></span> <span class='ocrx_word' id='word_1_37' title='bbox 1515 687 1604 742; x_wconf 89' lang='lat' dir='ltr'><strong>totam</strong></span> <span class='ocrx_word' id='word_1_38' title='bbox 1617 682 1706 743; x_wconf 74' lang='lat' dir='ltr'><strong>dmul</strong></span> <span class='ocrx_word' id='word_1_39' title='bbox 1722 681 1881 742; x_wconf 80' lang='lat' dir='ltr'><strong>Ecclesiam</strong></span> <span class='ocrx_word' id='word_1_40' title='bbox 1989 773 1993 790; x_wconf 45' lang='grc' dir='ltr'>Ι</span> 
     </span>
    </p>
   </div>
   <div class='ocr_carea' id='block_1_4' title="bbox 350 768 1545 883">
    <p class='ocr_par' dir='ltr' id='par_1_4' title="bbox 350 768 1545 883">
     <span class='ocr_line' id='line_1_5' title="bbox 350 768 1545 883; baseline -0.006 -47"><span class='ocrx_word' id='word_1_41' title='bbox 350 825 517 883; x_wconf 55' lang='lat' dir='ltr'><strong>[mmm</strong></span> <span class='ocrx_word' id='word_1_42' title='bbox 531 824 564 878; x_wconf 76' lang='lat' dir='ltr'><strong>de</strong></span> <span class='ocrx_word' id='word_1_43' title='bbox 580 825 611 881; x_wconf 39' lang='lat' dir='ltr'><strong>S·</strong></span> <span class='ocrx_word' id='word_1_44' title='bbox 626 822 766 880; x_wconf 77' lang='lat' dir='ltr'><strong>columbo.</strong></span> <span class='ocrx_word' id='word_1_45' title='bbox 1029 771 1173 833; x_wconf 78' lang='lat' dir='ltr'><strong>fluentum</strong></span> <span class='ocrx_word' id='word_1_46' title='bbox 1187 770 1278 832; x_wconf 76' lang='lat' dir='ltr'><strong>sandi</strong></span> <span class='ocrx_word' id='word_1_47' title='bbox 1293 768 1419 846; x_wconf 79' lang='lat' dir='ltr'><strong>Spiritus</strong></span> <span class='ocrx_word' id='word_1_48' title='bbox 1435 770 1545 846; x_wconf 84' lang='lat' dir='ltr'><strong>irrigat</strong></span> 
     </span>
    </p>
   </div>
   <div class='ocr_carea' id='block_1_5' title="bbox 145 895 1883 1083">
    <p class='ocr_par' dir='ltr' id='par_1_5' title="bbox 145 895 1883 1083">
     <span class='ocr_line' id='line_1_6' title="bbox 176 895 1560 991; baseline -0.009 -13"><span class='ocrx_word' id='word_1_49' title='bbox 176 917 261 978; x_wconf 75' lang='lat' dir='ltr'><strong>«Fiat</strong></span> <span class='ocrx_word' id='word_1_50' title='bbox 275 935 381 979; x_wconf 88' lang='lat' dir='ltr'><strong>manus</strong></span> <span class='ocrx_word' id='word_1_51' title='bbox 401 926 460 991; x_wconf 90' lang='lat' dir='ltr'><strong>toa,</strong></span> <span class='ocrx_word' id='word_1_52' title='bbox 476 926 508 979; x_wconf 92' lang='lat' dir='ltr'><strong>ut</strong></span> <span class='ocrx_word' id='word_1_53' title='bbox 524 918 615 978; x_wconf 88' lang='lat' dir='ltr'><strong>salvet</strong></span> <span class='ocrx_word' id='word_1_54' title='bbox 629 934 677 979; x_wconf 90' lang='lat' dir='ltr'><strong>me</strong></span> <span class='ocrx_word' id='word_1_55' title='bbox 694 919 780 986; x_wconf 79' lang='lat' dir='ltr'><strong>(Prot.</strong></span> <span class='ocrx_word' id='word_1_56' title='bbox 795 918 912 988; x_wconf 70' lang='lat' dir='ltr'><strong>oxum),</strong></span> <span class='ocrx_word' id='word_1_57' title='bbox 927 938 941 967; x_wconf 85' lang='lat'><strong>·</strong></span> <span class='ocrx_word' id='word_1_58' title='bbox 955 931 989 975; x_wconf 89' lang='lat' dir='ltr'><strong>ac</strong></span> <span class='ocrx_word' id='word_1_59' title='bbox 1349 895 1472 957; x_wconf 74' lang='lat' dir='ltr'><strong>CAPUT</strong></span> <span class='ocrx_word' id='word_1_60' title='bbox 1494 896 1560 957; x_wconf 79' lang='lat' dir='ltr'><strong>XII·</strong></span> 
     </span>
     <span class='ocr_line' id='line_1_7' title="bbox 145 989 1883 1083; baseline -0.001 -14"><span class='ocrx_word' id='word_1_61' title='bbox 145 1010 167 1069; x_wconf 91' lang='lat' dir='ltr'><strong>si</strong></span> <span class='ocrx_word' id='word_1_62' title='bbox 186 1009 291 1070; x_wconf 86' lang='lat' dir='ltr'><strong>diceret</strong></span> <span class='ocrx_word' id='word_1_63' title='bbox 312 1034 318 1068; x_wconf 90' lang='lat'>:</span> <span class='ocrx_word' id='word_1_64' title='bbox 345 1008 409 1068; x_wconf 83' lang='lat' dir='ltr'><strong>Fiat</strong></span> <span class='ocrx_word' id='word_1_65' title='bbox 428 1008 488 1080; x_wconf 91' lang='lat' dir='ltr'><strong>ille,</strong></span> <span class='ocrx_word' id='word_1_66' title='bbox 508 1024 560 1083; x_wconf 91' lang='lat' dir='ltr'><strong>per</strong></span> <span class='ocrx_word' id='word_1_67' title='bbox 585 1023 673 1082; x_wconf 83' lang='lat' dir='ltr'><strong>ouem</strong></span> <span class='ocrx_word' id='word_1_68' title='bbox 697 1007 771 1065; x_wconf 88' lang='lat' dir='ltr'><strong>iacta</strong></span> <span class='ocrx_word' id='word_1_69' title='bbox 787 1011 857 1066; x_wconf 92' lang='lat' dir='ltr'><strong>sunt</strong></span> <span class='ocrx_word' id='word_1_70' title='bbox 879 1004 988 1078; x_wconf 82' lang='lat' dir='ltr'><strong>omnia,</strong></span> <span class='ocrx_word' id='word_1_71' title='bbox 1028 992 1062 1050; x_wconf 73' lang='lat'><strong>1¹²</strong></span> <span class='ocrx_word' id='word_1_72' title='bbox 1078 992 1194 1064; x_wconf 81' lang='lat' dir='ltr'><strong>epicteto</strong></span> <span class='ocrx_word' id='word_1_73' title='bbox 1207 991 1245 1047; x_wconf 64' lang='grc' dir='ltr'>Μ</span> <span class='ocrx_word' id='word_1_74' title='bbox 1259 989 1579 1064; x_wconf 59' lang='lat' dir='ltr'><strong>Alwssldmmpsslmmo</strong></span> <span class='ocrx_word' id='word_1_75' title='bbox 1597 990 1631 1047; x_wconf 61' lang='grc' dir='ltr'><strong>ὅθ</strong></span> <span class='ocrx_word' id='word_1_76' title='bbox 1652 992 1804 1062; x_wconf 63' lang='lat' dir='ltr'><strong>caseum</strong></span> <span class='ocrx_word' id='word_1_77' title='bbox 1814 1009 1883 1067; x_wconf 60' lang='grc' dir='ltr'><strong>ΡΜ·</strong></span> 
     </span>
    </p>
   </div>
   <div class='ocr_carea' id='block_1_6' title="bbox 145 1062 1599 1175">
    <p class='ocr_par' dir='ltr' id='par_1_6' title="bbox 145 1062 1599 1175">
     <span class='ocr_line' id='line_1_8' title="bbox 145 1062 1599 1175; baseline -0.015 -13"><span class='ocrx_word' id='word_1_78' title='bbox 145 1108 173 1162; x_wconf 89' lang='grc' dir='ltr'><strong>ιι</strong></span> <span class='ocrx_word' id='word_1_79' title='bbox 186 1102 255 1163; x_wconf 88' lang='lat' dir='ltr'><strong>dum</strong></span> <span class='ocrx_word' id='word_1_80' title='bbox 268 1101 319 1163; x_wconf 91' lang='lat' dir='ltr'><strong>ille</strong></span> <span class='ocrx_word' id='word_1_81' title='bbox 332 1107 458 1175; x_wconf 89' lang='lat' dir='ltr'><strong>creatur,</strong></span> <span class='ocrx_word' id='word_1_82' title='bbox 475 1107 605 1162; x_wconf 88' lang='lat' dir='ltr'><strong>creatura</strong></span> <span class='ocrx_word' id='word_1_83' title='bbox 627 1117 645 1161; x_wconf 89' lang='lat' dir='ltr'><strong>a</strong></span> <span class='ocrx_word' id='word_1_84' title='bbox 668 1105 766 1161; x_wconf 82' lang='lat' dir='ltr'><strong>reatus</strong></span> <span class='ocrx_word' id='word_1_85' title='bbox 784 1099 834 1162; x_wconf 89' lang='lat' dir='ltr'><strong>sui</strong></span> <span class='ocrx_word' id='word_1_86' title='bbox 857 1096 989 1175; x_wconf 78' lang='lat' dir='ltr'><strong>mangis</strong></span> <span class='ocrx_word' id='word_1_87' title='bbox 1308 1062 1427 1134; x_wconf 82' lang='lat' dir='ltr'><strong>prietate</strong></span> <span class='ocrx_word' id='word_1_88' title='bbox 1452 1064 1599 1121; x_wconf 56' lang='lat' dir='ltr'><strong>milii·</strong></span> 
     </span>
    </p>
   </div>
   <div class='ocr_carea' id='block_1_7' title="bbox 144 1167 2003 1253">
    <p class='ocr_par' dir='ltr' id='par_1_7' title="bbox 144 1167 2003 1253">
     <span class='ocr_line' id='line_1_9' title="bbox 144 1167 2003 1253; baseline -0.012 -3"><span class='ocrx_word' id='word_1_89' title='bbox 144 1190 283 1253; x_wconf 87' lang='lat' dir='ltr'><strong>liberetur.</strong></span> <span class='ocrx_word' id='word_1_90' title='bbox 1065 1168 1213 1240; x_wconf 79' lang='lat' dir='ltr'><strong>Quantum</strong></span> <span class='ocrx_word' id='word_1_91' title='bbox 1228 1169 1264 1228; x_wconf 91' lang='lat' dir='ltr'><strong>ad</strong></span> <span class='ocrx_word' id='word_1_92' title='bbox 1283 1175 1391 1228; x_wconf 80' lang='lat' dir='ltr'><strong>nostras</strong></span> <span class='ocrx_word' id='word_1_93' title='bbox 1409 1167 1610 1244; x_wconf 75' lang='lat' dir='ltr'><strong>intelligentiae</strong></span> <span class='ocrx_word' id='word_1_94' title='bbox 1632 1169 1797 1244; x_wconf 84' lang='lat' dir='ltr'><strong>modulum,</strong></span> <span class='ocrx_word' id='word_1_95' title='bbox 1812 1171 1881 1233; x_wconf 91' lang='lat' dir='ltr'><strong>nul·</strong></span> <span class='ocrx_word' id='word_1_96' title='bbox 1998 1169 2003 1182; x_wconf 91' lang='lat'>&#39;</span> 
     </span>
    </p>
   </div>
   <div class='ocr_carea' id='block_1_8' title="bbox 144 1258 2000 1970">
    <p class='ocr_par' dir='ltr' id='par_1_8' title="bbox 464 1258 1882 1337">
     <span class='ocr_line' id='line_1_10' title="bbox 464 1258 1882 1337; baseline 0.001 -15"><span class='ocrx_word' id='word_1_97' title='bbox 464 1258 586 1322; x_wconf 82' lang='lat' dir='ltr'>CAPUT</span> <span class='ocrx_word' id='word_1_98' title='bbox 600 1259 652 1321; x_wconf 86' lang='lat' dir='ltr'><strong>XI.</strong></span> <span class='ocrx_word' id='word_1_99' title='bbox 1029 1259 1094 1321; x_wconf 90' lang='lat' dir='ltr'><strong>lum</strong></span> <span class='ocrx_word' id='word_1_100' title='bbox 1122 1259 1155 1320; x_wconf 94' lang='lat' dir='ltr'><strong>iu</strong></span> <span class='ocrx_word' id='word_1_101' title='bbox 1180 1261 1310 1319; x_wconf 84' lang='lat' dir='ltr'><strong>humano</strong></span> <span class='ocrx_word' id='word_1_102' title='bbox 1333 1274 1440 1334; x_wconf 82' lang='lat' dir='ltr'><strong>genere</strong></span> <span class='ocrx_word' id='word_1_103' title='bbox 1464 1259 1575 1321; x_wconf 88' lang='lat' dir='ltr'><strong>malum</strong></span> <span class='ocrx_word' id='word_1_104' title='bbox 1599 1263 1814 1337; x_wconf 80' lang='lat' dir='ltr'><strong>perniciosioris</strong></span> <span class='ocrx_word' id='word_1_105' title='bbox 1840 1268 1882 1322; x_wconf 89' lang='lat' dir='ltr'><strong>est</strong></span> 
     </span>
    </p>

    <p class='ocr_par' dir='ltr' id='par_1_9' title="bbox 328 1348 1882 1426">
     <span class='ocr_line' id='line_1_11' title="bbox 328 1348 1882 1426; baseline -0.001 -12"><span class='ocrx_word' id='word_1_106' title='bbox 328 1355 361 1414; x_wconf 85' lang='lat' dir='ltr'><strong>ln</strong></span> <span class='ocrx_word' id='word_1_107' title='bbox 371 1353 534 1410; x_wconf 66' lang='lat' dir='ltr'><strong>concaede</strong></span> <span class='ocrx_word' id='word_1_108' title='bbox 544 1353 574 1410; x_wconf 89' lang='lat' dir='ltr'><strong>S.</strong></span> <span class='ocrx_word' id='word_1_109' title='bbox 591 1351 794 1422; x_wconf 75' lang='lat' dir='ltr'><strong>christophoro.</strong></span> <span class='ocrx_word' id='word_1_110' title='bbox 1031 1349 1164 1409; x_wconf 90' lang='lat' dir='ltr'><strong>criminis</strong></span> <span class='ocrx_word' id='word_1_111' title='bbox 1177 1364 1268 1426; x_wconf 88' lang='lat' dir='ltr'><strong>quam</strong></span> <span class='ocrx_word' id='word_1_112' title='bbox 1284 1348 1415 1409; x_wconf 79' lang='lat' dir='ltr'><strong>defensio</strong></span> <span class='ocrx_word' id='word_1_113' title='bbox 1427 1349 1587 1425; x_wconf 88' lang='lat' dir='ltr'><strong>pravitatis.</strong></span> <span class='ocrx_word' id='word_1_114' title='bbox 1607 1351 1690 1411; x_wconf 87' lang='lat' dir='ltr'><strong>Unde</strong></span> <span class='ocrx_word' id='word_1_115' title='bbox 1712 1352 1805 1412; x_wconf 88' lang='lat' dir='ltr'><strong>David</strong></span> <span class='ocrx_word' id='word_1_116' title='bbox 1820 1352 1882 1413; x_wconf 79' lang='lat' dir='ltr'><strong>ait:</strong></span> 
     </span>
    </p>

    <p class='ocr_par' dir='ltr' id='par_1_10' title="bbox 144 1435 2000 1970">
     <span class='ocr_line' id='line_1_12' title="bbox 178 1435 1882 1526; baseline -0.001 -26"><span class='ocrx_word' id='word_1_117' title='bbox 178 1450 282 1513; x_wconf 67' lang='lat' dir='ltr'><strong>.sicut</strong></span> <span class='ocrx_word' id='word_1_118' title='bbox 303 1456 489 1526; x_wconf 71' lang='lat' dir='ltr'><strong>unguentum</strong></span> <span class='ocrx_word' id='word_1_119' title='bbox 509 1448 542 1508; x_wconf 76' lang='lat' dir='ltr'><strong>jn</strong></span> <span class='ocrx_word' id='word_1_120' title='bbox 567 1446 767 1523; x_wconf 50' lang='lat' dir='ltr'><strong>&amp;19erun</strong></span> <span class='ocrx_word' id='word_1_121' title='bbox 787 1443 937 1505; x_wconf 70' lang='lat' dir='ltr'><strong>descendit</strong></span> <span class='ocrx_word' id='word_1_122' title='bbox 957 1442 990 1503; x_wconf 78' lang='lat' dir='ltr'><strong>in</strong></span> <span class='ocrx_word' id='word_1_123' title='bbox 1033 1437 1128 1497; x_wconf 77' lang='lat' dir='ltr'><strong>«Non</strong></span> <span class='ocrx_word' id='word_1_124' title='bbox 1153 1435 1281 1497; x_wconf 87' lang='lat' dir='ltr'><strong>declines</strong></span> <span class='ocrx_word' id='word_1_125' title='bbox 1294 1452 1458 1498; x_wconf 91' lang='lat' dir='ltr'><strong>cormeum</strong></span> <span class='ocrx_word' id='word_1_126' title='bbox 1483 1436 1516 1497; x_wconf 92' lang='lat' dir='ltr'><strong>in</strong></span> <span class='ocrx_word' id='word_1_127' title='bbox 1544 1438 1667 1499; x_wconf 85' lang='lat' dir='ltr'><strong>verbum</strong></span> <span class='ocrx_word' id='word_1_128' title='bbox 1691 1438 1814 1513; x_wconf 88' lang='lat' dir='ltr'><strong>malum,</strong></span> <span class='ocrx_word' id='word_1_129' title='bbox 1844 1438 1882 1499; x_wconf 88' lang='lat' dir='ltr'><strong>ad</strong></span> 
     </span>
     <span class='ocr_line' id='line_1_13' title="bbox 144 1526 1882 1613; baseline -0.008 -13"><span class='ocrx_word' id='word_1_130' title='bbox 144 1540 265 1613; x_wconf 90' lang='lat' dir='ltr'><strong>barbam,</strong></span> <span class='ocrx_word' id='word_1_131' title='bbox 294 1540 415 1600; x_wconf 90' lang='lat' dir='ltr'><strong>barbam</strong></span> <span class='ocrx_word' id='word_1_132' title='bbox 441 1542 556 1611; x_wconf 73' lang='lat' dir='ltr'><strong>Aaron,</strong></span> <span class='ocrx_word' id='word_1_133' title='bbox 577 1536 656 1613; x_wconf 81' lang='lat' dir='ltr'><strong>quod</strong></span> <span class='ocrx_word' id='word_1_134' title='bbox 680 1535 827 1596; x_wconf 89' lang='lat' dir='ltr'><strong>descendit</strong></span> <span class='ocrx_word' id='word_1_135' title='bbox 854 1535 887 1595; x_wconf 91' lang='lat' dir='ltr'><strong>in</strong></span> <span class='ocrx_word' id='word_1_136' title='bbox 909 1549 991 1594; x_wconf 91' lang='lat' dir='ltr'><strong>oram</strong></span> <span class='ocrx_word' id='word_1_137' title='bbox 1028 1526 1214 1588; x_wconf 72' lang='lat' dir='ltr'><strong>excusandas</strong></span> <span class='ocrx_word' id='word_1_138' title='bbox 1230 1527 1430 1588; x_wconf 79' lang='lat' dir='ltr'><strong>excusationes</strong></span> <span class='ocrx_word' id='word_1_139' title='bbox 1453 1527 1486 1588; x_wconf 91' lang='lat' dir='ltr'><strong>iu</strong></span> <span class='ocrx_word' id='word_1_140' title='bbox 1506 1530 1628 1604; x_wconf 82' lang='lat' dir='ltr'><strong>peccatis</strong></span> <span class='ocrx_word' id='word_1_141' title='bbox 1652 1531 1739 1602; x_wconf 81' lang='lat' dir='ltr'><strong>(Psoi.</strong></span> <span class='ocrx_word' id='word_1_142' title='bbox 1769 1534 1882 1605; x_wconf 70' lang='lat' dir='ltr'><strong>oxu).-</strong></span> 
     </span>
     <span class='ocr_line' id='line_1_14' title="bbox 145 1614 1885 1704; baseline -0.002 -18"><span class='ocrx_word' id='word_1_143' title='bbox 145 1631 305 1690; x_wconf 87' lang='lat' dir='ltr'><strong>vestimenti</strong></span> <span class='ocrx_word' id='word_1_144' title='bbox 320 1631 383 1704; x_wconf 58' lang='lat' dir='ltr'><strong>uus</strong></span> <span class='ocrx_word' id='word_1_145' title='bbox 394 1631 483 1699; x_wconf 65' lang='lat' dir='ltr'><strong>&lt;Perat</strong></span> <span class='ocrx_word' id='word_1_146' title='bbox 496 1631 630 1700; x_wconf 74' lang='lat' dir='ltr'><strong>cumb,</strong></span> <span class='ocrx_word' id='word_1_147' title='bbox 644 1645 659 1681; x_wconf 72' lang='lat' dir='ltr'><strong>a&gt;</strong></span> <span class='ocrx_word' id='word_1_148' title='bbox 682 1625 870 1698; x_wconf 70' lang='lat' dir='ltr'><strong>Unguentum</strong></span> <span class='ocrx_word' id='word_1_149' title='bbox 883 1623 993 1684; x_wconf 88' lang='lat' dir='ltr'><strong>scilicet</strong></span> <span class='ocrx_word' id='word_1_150' title='bbox 1032 1614 1158 1676; x_wconf 82' lang='lat' dir='ltr'><strong>Offensio</strong></span> <span class='ocrx_word' id='word_1_151' title='bbox 1181 1615 1288 1692; x_wconf 89' lang='lat' dir='ltr'><strong>quippe</strong></span> <span class='ocrx_word' id='word_1_152' title='bbox 1307 1614 1361 1675; x_wconf 87' lang='lat' dir='ltr'><strong>Dei</strong></span> <span class='ocrx_word' id='word_1_153' title='bbox 1383 1621 1512 1676; x_wconf 89' lang='lat' dir='ltr'><strong>meretur</strong></span> <span class='ocrx_word' id='word_1_154' title='bbox 1530 1616 1623 1692; x_wconf 81' lang='lat' dir='ltr'><strong>iram3</strong></span> <span class='ocrx_word' id='word_1_155' title='bbox 1649 1620 1798 1681; x_wconf 84' lang='lat' dir='ltr'><strong>excusatio</strong></span> <span class='ocrx_word' id='word_1_156' title='bbox 1818 1637 1885 1696; x_wconf 91' lang='lat' dir='ltr'><strong>pro·</strong></span> 
     </span>
     <span class='ocr_line' id='line_1_15' title="bbox 146 1703 1886 1795; baseline 0.003 -17"><span class='ocrx_word' id='word_1_157' title='bbox 146 1718 174 1779; x_wconf 91' lang='lat' dir='ltr'><strong>in</strong></span> <span class='ocrx_word' id='word_1_158' title='bbox 198 1720 300 1795; x_wconf 87' lang='lat' dir='ltr'><strong>capite,</strong></span> <span class='ocrx_word' id='word_1_159' title='bbox 328 1717 457 1793; x_wconf 86' lang='lat' dir='ltr'><strong>Spiritus</strong></span> <span class='ocrx_word' id='word_1_160' title='bbox 483 1723 602 1777; x_wconf 86' lang='lat' dir='ltr'><strong>sanctus</strong></span> <span class='ocrx_word' id='word_1_161' title='bbox 629 1721 673 1774; x_wconf 91' lang='lat' dir='ltr'><strong>est</strong></span> <span class='ocrx_word' id='word_1_162' title='bbox 697 1716 730 1774; x_wconf 94' lang='lat' dir='ltr'><strong>in</strong></span> <span class='ocrx_word' id='word_1_163' title='bbox 757 1713 914 1786; x_wconf 85' lang='lat' dir='ltr'><strong>salvatore,</strong></span> <span class='ocrx_word' id='word_1_164' title='bbox 939 1713 992 1788; x_wconf 77' lang='lat' dir='ltr'><strong>oui</strong></span> <span class='ocrx_word' id='word_1_165' title='bbox 1032 1713 1115 1766; x_wconf 69' lang='lat' dir='ltr'><strong>vocal</strong></span> <span class='ocrx_word' id='word_1_166' title='bbox 1136 1705 1172 1765; x_wconf 71' lang='lat' dir='ltr'><strong>ad</strong></span> <span class='ocrx_word' id='word_1_167' title='bbox 1187 1705 1357 1766; x_wconf 64' lang='lat' dir='ltr'><strong>Vindictam·</strong></span> <span class='ocrx_word' id='word_1_168' title='bbox 1372 1704 1435 1767; x_wconf 71' lang='grc' dir='ltr'><strong>Ηῡθ</strong></span> <span class='ocrx_word' id='word_1_169' title='bbox 1449 1703 1535 1781; x_wconf 88' lang='lat' dir='ltr'><strong>plane</strong></span> <span class='ocrx_word' id='word_1_170' title='bbox 1548 1707 1666 1793; x_wconf 64' lang='lat' dir='ltr'><strong>Vitium,</strong></span> <span class='ocrx_word' id='word_1_171' title='bbox 1687 1710 1764 1770; x_wconf 63' lang='lat' dir='ltr'>⁸101st</span> <span class='ocrx_word' id='word_1_172' title='bbox 1778 1727 1817 1772; x_wconf 69' lang='lat'><strong>³¹</strong></span> <span class='ocrx_word' id='word_1_173' title='bbox 1839 1728 1886 1773; x_wconf 71' lang='lat' dir='ltr'><strong>rt·</strong></span> 
     </span>
     <span class='ocr_line' id='line_1_16' title="bbox 146 1795 2000 1882; baseline -0.001 -17"><span class='ocrx_word' id='word_1_174' title='bbox 146 1806 282 1866; x_wconf 91' lang='lat' dir='ltr'><strong>nimirum</strong></span> <span class='ocrx_word' id='word_1_175' title='bbox 306 1823 358 1881; x_wconf 92' lang='lat' dir='ltr'><strong>per</strong></span> <span class='ocrx_word' id='word_1_176' title='bbox 385 1807 484 1866; x_wconf 81' lang='lat' dir='ltr'><strong>Aaron</strong></span> <span class='ocrx_word' id='word_1_177' title='bbox 508 1804 630 1882; x_wconf 77' lang='lat' dir='ltr'><strong>mystice</strong></span> <span class='ocrx_word' id='word_1_178' title='bbox 645 1803 821 1879; x_wconf 82' lang='lat' dir='ltr'><strong>designatur,</strong></span> <span class='ocrx_word' id='word_1_179' title='bbox 840 1802 892 1879; x_wconf 87' lang='lat' dir='ltr'><strong>qui</strong></span> <span class='ocrx_word' id='word_1_180' title='bbox 916 1819 993 1860; x_wconf 79' lang='lat' dir='ltr'><strong>mons</strong></span> <span class='ocrx_word' id='word_1_181' title='bbox 1034 1798 1097 1858; x_wconf 88' lang='lat' dir='ltr'><strong>dice</strong></span> <span class='ocrx_word' id='word_1_182' title='bbox 1122 1795 1246 1860; x_wconf 90' lang='lat' dir='ltr'><strong>humaui</strong></span> <span class='ocrx_word' id='word_1_183' title='bbox 1269 1799 1387 1875; x_wconf 86' lang='lat' dir='ltr'><strong>generis</strong></span> <span class='ocrx_word' id='word_1_184' title='bbox 1407 1799 1525 1876; x_wconf 90' lang='lat' dir='ltr'><strong>prodiit,</strong></span> <span class='ocrx_word' id='word_1_185' title='bbox 1551 1801 1682 1878; x_wconf 86' lang='lat' dir='ltr'><strong>quotidie</strong></span> <span class='ocrx_word' id='word_1_186' title='bbox 1706 1803 1831 1878; x_wconf 89' lang='lat' dir='ltr'><strong>pullulat</strong></span> <span class='ocrx_word' id='word_1_187' title='bbox 1858 1812 1886 1866; x_wconf 92' lang='lat' dir='ltr'><strong>et</strong></span> <span class='ocrx_word' id='word_1_188' title='bbox 1994 1813 2000 1828; x_wconf 91' lang='lat'>&#39;</span> 
     </span>
     <span class='ocr_line' id='line_1_17' title="bbox 146 1869 1887 1970; baseline -0.002 -15"><span class='ocrx_word' id='word_1_189' title='bbox 146 1898 315 1967; x_wconf 75' lang='lat' dir='ltr'><strong>tortitudinis</strong></span> <span class='ocrx_word' id='word_1_190' title='bbox 343 1895 462 1957; x_wconf 85' lang='lat' dir='ltr'><strong>dicitur.</strong></span> <span class='ocrx_word' id='word_1_191' title='bbox 476 1895 550 1955; x_wconf 83' lang='lat' dir='ltr'><strong>Cum</strong></span> <span class='ocrx_word' id='word_1_192' title='bbox 569 1893 660 1970; x_wconf 86' lang='lat' dir='ltr'><strong>igitur</strong></span> <span class='ocrx_word' id='word_1_193' title='bbox 674 1896 774 1954; x_wconf 80' lang='lat' dir='ltr'><strong>Aaron</strong></span> <span class='ocrx_word' id='word_1_194' title='bbox 788 1908 873 1953; x_wconf 92' lang='lat' dir='ltr'><strong>mons</strong></span> <span class='ocrx_word' id='word_1_195' title='bbox 884 1891 922 1952; x_wconf 92' lang='lat' dir='ltr'><strong>sit</strong></span> <span class='ocrx_word' id='word_1_196' title='bbox 934 1869 1172 1962; x_wconf 76' lang='lat' dir='ltr'><strong>for-Blauquam</strong></span> <span class='ocrx_word' id='word_1_197' title='bbox 1188 1892 1372 1968; x_wconf 83' lang='lat' dir='ltr'><strong>erumpentes</strong></span> <span class='ocrx_word' id='word_1_198' title='bbox 1390 1886 1502 1948; x_wconf 87' lang='lat' dir='ltr'><strong>arboris</strong></span> <span class='ocrx_word' id='word_1_199' title='bbox 1522 1903 1619 1949; x_wconf 89' lang='lat' dir='ltr'><strong>ramos</strong></span> <span class='ocrx_word' id='word_1_200' title='bbox 1639 1891 1805 1966; x_wconf 84' lang='lat' dir='ltr'><strong>germinare</strong></span> <span class='ocrx_word' id='word_1_201' title='bbox 1828 1908 1887 1952; x_wconf 89' lang='lat' dir='ltr'><strong>uon</strong></span> 
     </span>
    </p>
   </div>
   <div class='ocr_carea' id='block_1_9' title="bbox 147 1977 2008 2148">
    <p class='ocr_par' dir='ltr' id='par_1_11' title="bbox 147 1977 2008 2148">
     <span class='ocr_line' id='line_1_18' title="bbox 147 1977 2008 2062; baseline -0.002 -17"><span class='ocrx_word' id='word_1_202' title='bbox 147 1986 284 2057; x_wconf 86' lang='lat' dir='ltr'><strong>titudinis,</strong></span> <span class='ocrx_word' id='word_1_203' title='bbox 299 1986 387 2047; x_wconf 89' lang='lat' dir='ltr'><strong>barba</strong></span> <span class='ocrx_word' id='word_1_204' title='bbox 401 2001 518 2062; x_wconf 82' lang='lat' dir='ltr'><strong>quoque</strong></span> <span class='ocrx_word' id='word_1_205' title='bbox 531 1986 649 2059; x_wconf 86' lang='lat' dir='ltr'><strong>siguum</strong></span> <span class='ocrx_word' id='word_1_206' title='bbox 664 1990 708 2043; x_wconf 89' lang='lat' dir='ltr'><strong>est</strong></span> <span class='ocrx_word' id='word_1_207' title='bbox 727 1983 883 2043; x_wconf 85' lang='lat' dir='ltr'><strong>virilitatis.</strong></span> <span class='ocrx_word' id='word_1_208' title='bbox 898 1982 995 2057; x_wconf 85' lang='lat' dir='ltr'><strong>Hujus</strong></span> <span class='ocrx_word' id='word_1_209' title='bbox 1035 1984 1137 2039; x_wconf 86' lang='lat' dir='ltr'><strong>cessat.</strong></span> <span class='ocrx_word' id='word_1_210' title='bbox 1164 1978 1322 2039; x_wconf 80' lang='lat' dir='ltr'><strong>consultus</strong></span> <span class='ocrx_word' id='word_1_211' title='bbox 1349 1977 1431 2038; x_wconf 87' lang='lat' dir='ltr'><strong>euim</strong></span> <span class='ocrx_word' id='word_1_212' title='bbox 1455 1977 1560 2061; x_wconf 27' lang='lat' dir='ltr'><strong>Adam·</strong></span> <span class='ocrx_word' id='word_1_213' title='bbox 1575 1993 1629 2042; x_wconf 90' lang='lat' dir='ltr'><strong>our</strong></span> <span class='ocrx_word' id='word_1_214' title='bbox 1654 1994 1692 2039; x_wconf 85' lang='lat' dir='ltr'><strong>ex</strong></span> <span class='ocrx_word' id='word_1_215' title='bbox 1731 1979 1885 2041; x_wconf 87' lang='lat' dir='ltr'><strong>interdicto</strong></span> <span class='ocrx_word' id='word_1_216' title='bbox 2003 2029 2008 2042; x_wconf 94' lang='lat'>.</span> 
     </span>
     <span class='ocr_line' id='line_1_19' title="bbox 147 2069 2008 2148; baseline -0.001 -15"><span class='ocrx_word' id='word_1_217' title='bbox 147 2090 208 2148; x_wconf 86' lang='lat' dir='ltr'><strong>ergo</strong></span> <span class='ocrx_word' id='word_1_218' title='bbox 236 2075 333 2133; x_wconf 82' lang='lat' dir='ltr'><strong>Aaron</strong></span> <span class='ocrx_word' id='word_1_219' title='bbox 358 2073 447 2133; x_wconf 88' lang='lat' dir='ltr'><strong>barba</strong></span> <span class='ocrx_word' id='word_1_220' title='bbox 468 2073 560 2132; x_wconf 89' lang='lat' dir='ltr'><strong>sancti</strong></span> <span class='ocrx_word' id='word_1_221' title='bbox 583 2069 705 2147; x_wconf 89' lang='lat' dir='ltr'><strong>apostoli</strong></span> <span class='ocrx_word' id='word_1_222' title='bbox 728 2076 809 2144; x_wconf 89' lang='lat' dir='ltr'><strong>suut,</strong></span> <span class='ocrx_word' id='word_1_223' title='bbox 824 2071 877 2148; x_wconf 88' lang='lat' dir='ltr'><strong>qui</strong></span> <span class='ocrx_word' id='word_1_224' title='bbox 897 2070 995 2132; x_wconf 86' lang='lat' dir='ltr'><strong>virili-</strong></span> <span class='ocrx_word' id='word_1_225' title='bbox 1035 2086 1122 2147; x_wconf 91' lang='lat' dir='ltr'><strong>pomo</strong></span> <span class='ocrx_word' id='word_1_226' title='bbox 1148 2069 1337 2131; x_wconf 89' lang='lat' dir='ltr'><strong>comederit:</strong></span> <span class='ocrx_word' id='word_1_227' title='bbox 1369 2069 1512 2144; x_wconf 80' lang='lat' dir='ltr'><strong>«Mulier,</strong></span> <span class='ocrx_word' id='word_1_228' title='bbox 1535 2070 1642 2145; x_wconf 78' lang='lat' dir='ltr'><strong>inqiut,</strong></span> <span class='ocrx_word' id='word_1_229' title='bbox 1668 2085 1758 2147; x_wconf 82' lang='lat' dir='ltr'><strong>quam</strong></span> <span class='ocrx_word' id='word_1_230' title='bbox 1784 2070 1888 2131; x_wconf 88' lang='lat' dir='ltr'><strong>dedisti</strong></span> <span class='ocrx_word' id='word_1_231' title='bbox 2003 2101 2008 2114; x_wconf 94' lang='lat'>·</span> 
     </span>
    </p>
   </div>
   <div class='ocr_carea' id='block_1_10' title="bbox 85 2159 1899 3147">
    <p class='ocr_par' dir='ltr' id='par_1_12' title="bbox 85 2159 1899 3147">
     <span class='ocr_line' id='line_1_20' title="bbox 147 2159 1886 2243; baseline -0.001 -21"><span class='ocrx_word' id='word_1_232' title='bbox 147 2164 281 2223; x_wconf 80' lang='lat' dir='ltr'><strong>tntissuae</strong></span> <span class='ocrx_word' id='word_1_233' title='bbox 306 2161 418 2235; x_wconf 92' lang='lat' dir='ltr'><strong>robore,</strong></span> <span class='ocrx_word' id='word_1_234' title='bbox 433 2161 512 2238; x_wconf 84' lang='lat' dir='ltr'><strong>quod</strong></span> <span class='ocrx_word' id='word_1_235' title='bbox 534 2162 571 2221; x_wconf 91' lang='lat' dir='ltr'><strong>de</strong></span> <span class='ocrx_word' id='word_1_236' title='bbox 595 2162 688 2221; x_wconf 90' lang='lat' dir='ltr'><strong>sancti</strong></span> <span class='ocrx_word' id='word_1_237' title='bbox 710 2159 837 2236; x_wconf 87' lang='lat' dir='ltr'><strong>Spiritus</strong></span> <span class='ocrx_word' id='word_1_238' title='bbox 859 2163 996 2222; x_wconf 92' lang='lat' dir='ltr'><strong>unctione</strong></span> <span class='ocrx_word' id='word_1_239' title='bbox 1035 2161 1111 2222; x_wconf 91' lang='lat' dir='ltr'><strong>mibi</strong></span> <span class='ocrx_word' id='word_1_240' title='bbox 1132 2161 1251 2234; x_wconf 75' lang='lat' dir='ltr'><strong>sociam</strong></span> <span class='ocrx_word' id='word_1_241' title='bbox 1269 2160 1349 2221; x_wconf 84' lang='lat' dir='ltr'><strong>dedit</strong></span> <span class='ocrx_word' id='word_1_242' title='bbox 1362 2159 1487 2220; x_wconf 84' lang='lat' dir='ltr'><strong>mibide</strong></span> <span class='ocrx_word' id='word_1_243' title='bbox 1508 2159 1600 2243; x_wconf 82' lang='lat' dir='ltr'><strong>liguo,</strong></span> <span class='ocrx_word' id='word_1_244' title='bbox 1625 2167 1654 2222; x_wconf 91' lang='lat' dir='ltr'><strong>et</strong></span> <span class='ocrx_word' id='word_1_245' title='bbox 1677 2161 1790 2222; x_wconf 88' lang='lat' dir='ltr'><strong>comedi</strong></span> <span class='ocrx_word' id='word_1_246' title='bbox 1809 2162 1886 2232; x_wconf 79' lang='lat' dir='ltr'><strong>(Sca.</strong></span> 
     </span>
     <span class='ocr_line' id='line_1_21' title="bbox 147 2249 1887 2329; baseline -0.003 -16"><span class='ocrx_word' id='word_1_247' title='bbox 147 2258 340 2329; x_wconf 87' lang='lat' dir='ltr'><strong>conceperant,</strong></span> <span class='ocrx_word' id='word_1_248' title='bbox 366 2251 466 2312; x_wconf 89' lang='lat' dir='ltr'><strong>omnia</strong></span> <span class='ocrx_word' id='word_1_249' title='bbox 491 2251 653 2311; x_wconf 83' lang='lat' dir='ltr'><strong>furentium</strong></span> <span class='ocrx_word' id='word_1_250' title='bbox 678 2259 897 2326; x_wconf 87' lang='lat' dir='ltr'><strong>persecutorum</strong></span> <span class='ocrx_word' id='word_1_251' title='bbox 919 2250 996 2311; x_wconf 86' lang='lat' dir='ltr'><strong>bella</strong></span> <span class='ocrx_word' id='word_1_252' title='bbox 1037 2254 1094 2321; x_wconf 86' lang='lat'>111);</span> <span class='ocrx_word' id='word_1_253' title='bbox 1114 2273 1128 2302; x_wconf 71' lang='grc' dir='ltr'>ι</span> <span class='ocrx_word' id='word_1_254' title='bbox 1159 2249 1269 2309; x_wconf 92' lang='lat' dir='ltr'><strong>mulier</strong></span> <span class='ocrx_word' id='word_1_255' title='bbox 1294 2251 1383 2310; x_wconf 89' lang='lat' dir='ltr'><strong>etiam</strong></span> <span class='ocrx_word' id='word_1_256' title='bbox 1412 2265 1467 2311; x_wconf 92' lang='lat' dir='ltr'><strong>cur</strong></span> <span class='ocrx_word' id='word_1_257' title='bbox 1495 2250 1550 2310; x_wconf 90' lang='lat' dir='ltr'><strong>boc</strong></span> <span class='ocrx_word' id='word_1_258' title='bbox 1579 2250 1688 2322; x_wconf 89' lang='lat' dir='ltr'><strong>lecerit,</strong></span> <span class='ocrx_word' id='word_1_259' title='bbox 1715 2250 1887 2328; x_wconf 86' lang='lat' dir='ltr'><strong>inquisita:</strong></span> 
     </span>
     <span class='ocr_line' id='line_1_22' title="bbox 147 2335 1893 2416; baseline -0.002 -13"><span class='ocrx_word' id='word_1_260' title='bbox 147 2343 276 2405; x_wconf 88' lang='lat' dir='ltr'><strong>vicerunt</strong></span> <span class='ocrx_word' id='word_1_261' title='bbox 292 2349 321 2402; x_wconf 92' lang='lat' dir='ltr'><strong>et</strong></span> <span class='ocrx_word' id='word_1_262' title='bbox 340 2341 444 2402; x_wconf 90' lang='lat' dir='ltr'><strong>mundi</strong></span> <span class='ocrx_word' id='word_1_263' title='bbox 467 2341 629 2416; x_wconf 89' lang='lat' dir='ltr'><strong>principem</strong></span> <span class='ocrx_word' id='word_1_264' title='bbox 651 2346 791 2416; x_wconf 65' lang='lat' dir='ltr'><strong>anquam</strong></span> <span class='ocrx_word' id='word_1_265' title='bbox 811 2340 926 2401; x_wconf 89' lang='lat' dir='ltr'><strong>leonem</strong></span> <span class='ocrx_word' id='word_1_266' title='bbox 945 2340 998 2401; x_wconf 87' lang='lat' dir='ltr'><strong>ed·</strong></span> <span class='ocrx_word' id='word_1_267' title='bbox 1040 2335 1203 2411; x_wconf 86' lang='lat' dir='ltr'><strong>·Serpens‚</strong></span> <span class='ocrx_word' id='word_1_268' title='bbox 1229 2337 1279 2409; x_wconf 89' lang='lat' dir='ltr'><strong>ait,</strong></span> <span class='ocrx_word' id='word_1_269' title='bbox 1294 2337 1406 2413; x_wconf 87' lang='lat' dir='ltr'><strong>decepit</strong></span> <span class='ocrx_word' id='word_1_270' title='bbox 1420 2353 1478 2409; x_wconf 89' lang='lat' dir='ltr'><strong>me,</strong></span> <span class='ocrx_word' id='word_1_271' title='bbox 1502 2345 1531 2399; x_wconf 91' lang='lat' dir='ltr'><strong>et</strong></span> <span class='ocrx_word' id='word_1_272' title='bbox 1555 2338 1668 2399; x_wconf 79' lang='lat' dir='ltr'><strong>mmedi</strong></span> <span class='ocrx_word' id='word_1_273' title='bbox 1690 2340 1796 2412; x_wconf 72' lang='lat' dir='ltr'><strong>(ibid).</strong></span> <span class='ocrx_word' id='word_1_274' title='bbox 1810 2363 1826 2393; x_wconf 73' lang='lat' dir='ltr'><strong>a</strong></span> <span class='ocrx_word' id='word_1_275' title='bbox 1850 2339 1893 2399; x_wconf 91' lang='lat' dir='ltr'><strong>Ac</strong></span> 
     </span>
     <span class='ocr_line' id='line_1_23' title="bbox 148 2421 1892 2509; baseline -0.002 -13"><span class='ocrx_word' id='word_1_276' title='bbox 148 2451 246 2496; x_wconf 88' lang='lat' dir='ltr'><strong>versus</strong></span> <span class='ocrx_word' id='word_1_277' title='bbox 260 2451 329 2495; x_wconf 89' lang='lat' dir='ltr'><strong>oves</strong></span> <span class='ocrx_word' id='word_1_278' title='bbox 342 2433 449 2495; x_wconf 86' lang='lat' dir='ltr'><strong>Ubristi</strong></span> <span class='ocrx_word' id='word_1_279' title='bbox 463 2434 630 2494; x_wconf 88' lang='lat' dir='ltr'><strong>immaniter</strong></span> <span class='ocrx_word' id='word_1_280' title='bbox 647 2434 812 2509; x_wconf 79' lang='lat' dir='ltr'><strong>rugientem</strong></span> <span class='ocrx_word' id='word_1_281' title='bbox 826 2431 998 2507; x_wconf 86' lang='lat' dir='ltr'><strong>cumgloria</strong></span> <span class='ocrx_word' id='word_1_282' title='bbox 1039 2426 1065 2485; x_wconf 79' lang='lat' dir='ltr'><strong>si</strong></span> <span class='ocrx_word' id='word_1_283' title='bbox 1088 2421 1161 2482; x_wconf 82' lang='lat'><strong>225</strong></span> <span class='ocrx_word' id='word_1_284' title='bbox 1182 2434 1308 2503; x_wconf 82' lang='lat' dir='ltr'><strong>uterque</strong></span> <span class='ocrx_word' id='word_1_285' title='bbox 1325 2429 1358 2488; x_wconf 91' lang='lat' dir='ltr'><strong>in</strong></span> <span class='ocrx_word' id='word_1_286' title='bbox 1376 2428 1561 2490; x_wconf 77' lang='lat' dir='ltr'><strong>Conditorem</strong></span> <span class='ocrx_word' id='word_1_287' title='bbox 1581 2430 1702 2504; x_wconf 76' lang='lat' dir='ltr'><strong>oblique</strong></span> <span class='ocrx_word' id='word_1_288' title='bbox 1714 2430 1826 2491; x_wconf 89' lang='lat' dir='ltr'><strong>crimen</strong></span> <span class='ocrx_word' id='word_1_289' title='bbox 1845 2432 1892 2492; x_wconf 92' lang='lat' dir='ltr'><strong>iu·</strong></span> 
     </span>
     <span class='ocr_line' id='line_1_24' title="bbox 149 2518 1892 2605; baseline -0.006 -16"><span class='ocrx_word' id='word_1_290' title='bbox 149 2528 372 2605; x_wconf 86' lang='lat' dir='ltr'><strong>triumpharunt.</strong></span> <span class='ocrx_word' id='word_1_291' title='bbox 401 2527 485 2587; x_wconf 88' lang='lat' dir='ltr'><strong>Unde</strong></span> <span class='ocrx_word' id='word_1_292' title='bbox 512 2527 638 2587; x_wconf 91' lang='lat' dir='ltr'><strong>Petrus:</strong></span> <span class='ocrx_word' id='word_1_293' title='bbox 672 2548 688 2579; x_wconf 79' lang='grc' dir='ltr'>ι</span> <span class='ocrx_word' id='word_1_294' title='bbox 709 2525 762 2585; x_wconf 84' lang='lat' dir='ltr'><strong>Cui</strong></span> <span class='ocrx_word' id='word_1_295' title='bbox 791 2525 926 2596; x_wconf 80' lang='lat' dir='ltr'><strong>resistite,</strong></span> <span class='ocrx_word' id='word_1_296' title='bbox 948 2525 999 2584; x_wconf 92' lang='lat' dir='ltr'><strong>in·</strong></span> <span class='ocrx_word' id='word_1_297' title='bbox 1039 2519 1172 2587; x_wconf 64' lang='lat' dir='ltr'><strong>torqueat</strong></span> <span class='ocrx_word' id='word_1_298' title='bbox 1198 2531 1336 2592; x_wconf 76' lang='lat' dir='ltr'><strong>eumque,</strong></span> <span class='ocrx_word' id='word_1_299' title='bbox 1363 2532 1384 2577; x_wconf 81' lang='lat' dir='ltr'><strong>e</strong></span> <span class='ocrx_word' id='word_1_300' title='bbox 1410 2533 1470 2593; x_wconf 85' lang='lat' dir='ltr'><strong>quo</strong></span> <span class='ocrx_word' id='word_1_301' title='bbox 1495 2518 1721 2595; x_wconf 83' lang='lat' dir='ltr'><strong>redarguuntur,</strong></span> <span class='ocrx_word' id='word_1_302' title='bbox 1746 2520 1892 2582; x_wconf 87' lang='lat' dir='ltr'><strong>incessant</strong></span> 
     </span>
     <span class='ocr_line' id='line_1_25' title="bbox 85 2603 1894 2696; baseline -0.001 -16"><span class='ocrx_word' id='word_1_303' title='bbox 85 2629 91 2638; x_wconf 86' lang='lat'><strong>‘</strong></span> <span class='ocrx_word' id='word_1_304' title='bbox 148 2618 219 2696; x_wconf 82' lang='lat' dir='ltr'><strong>quit,</strong></span> <span class='ocrx_word' id='word_1_305' title='bbox 231 2618 319 2677; x_wconf 82' lang='lat' dir='ltr'><strong>fortes</strong></span> <span class='ocrx_word' id='word_1_306' title='bbox 332 2616 364 2675; x_wconf 92' lang='lat' dir='ltr'><strong>iu</strong></span> <span class='ocrx_word' id='word_1_307' title='bbox 376 2615 433 2674; x_wconf 90' lang='lat' dir='ltr'><strong>lide</strong></span> <span class='ocrx_word' id='word_1_308' title='bbox 449 2618 471 2690; x_wconf 87' lang='lat' dir='ltr'><strong>(l</strong></span> <span class='ocrx_word' id='word_1_309' title='bbox 485 2619 559 2674; x_wconf 86' lang='lat' dir='ltr'><strong>Petr.</strong></span> <span class='ocrx_word' id='word_1_310' title='bbox 582 2617 653 2687; x_wconf 73' lang='lat' dir='ltr'><strong>vl.»</strong></span> <span class='ocrx_word' id='word_1_311' title='bbox 678 2613 789 2675; x_wconf 89' lang='lat' dir='ltr'><strong>Paulus</strong></span> <span class='ocrx_word' id='word_1_312' title='bbox 803 2615 891 2674; x_wconf 89' lang='lat' dir='ltr'><strong>etiam</strong></span> <span class='ocrx_word' id='word_1_313' title='bbox 905 2613 997 2674; x_wconf 89' lang='lat' dir='ltr'><strong>dicit:</strong></span> <span class='ocrx_word' id='word_1_314' title='bbox 1040 2603 1190 2664; x_wconf 67' lang='lat' dir='ltr'><strong>ffioesstest</strong></span> <span class='ocrx_word' id='word_1_315' title='bbox 1216 2605 1280 2665; x_wconf 82' lang='lat' dir='ltr'>N⁰11</span> <span class='ocrx_word' id='word_1_316' title='bbox 1299 2606 1394 2680; x_wconf 91' lang='lat' dir='ltr'><strong>uobis,</strong></span> <span class='ocrx_word' id='word_1_317' title='bbox 1418 2607 1470 2668; x_wconf 70' lang='lat' dir='ltr'><strong>issd</strong></span> <span class='ocrx_word' id='word_1_318' title='bbox 1489 2608 1542 2668; x_wconf 65' lang='lat' dir='ltr'><strong>tibi</strong></span> <span class='ocrx_word' id='word_1_319' title='bbox 1565 2610 1666 2684; x_wconf 67' lang='lat' dir='ltr'><strong>diocli!</strong></span> <span class='ocrx_word' id='word_1_320' title='bbox 1691 2609 1783 2670; x_wconf 76' lang='lat' dir='ltr'><strong>dubio</strong></span> <span class='ocrx_word' id='word_1_321' title='bbox 1807 2610 1894 2670; x_wconf 71' lang='lat' dir='ltr'><strong>dehet</strong></span> 
     </span>
     <span class='ocr_line' id='line_1_26' title="bbox 152 2699 1895 2780; baseline 0.002 -17"><span class='ocrx_word' id='word_1_322' title='bbox 152 2713 268 2769; x_wconf 76' lang='lat' dir='ltr'><strong>«Arma</strong></span> <span class='ocrx_word' id='word_1_323' title='bbox 286 2706 400 2767; x_wconf 86' lang='lat' dir='ltr'><strong>militiae</strong></span> <span class='ocrx_word' id='word_1_324' title='bbox 422 2713 531 2767; x_wconf 75' lang='lat' dir='ltr'><strong>nostrae</strong></span> <span class='ocrx_word' id='word_1_325' title='bbox 552 2721 612 2765; x_wconf 92' lang='lat' dir='ltr'><strong>uon</strong></span> <span class='ocrx_word' id='word_1_326' title='bbox 637 2704 774 2776; x_wconf 84' lang='lat' dir='ltr'><strong>carnalia,</strong></span> <span class='ocrx_word' id='word_1_327' title='bbox 800 2705 852 2764; x_wconf 88' lang='lat' dir='ltr'><strong>sed</strong></span> <span class='ocrx_word' id='word_1_328' title='bbox 872 2704 1000 2779; x_wconf 91' lang='lat' dir='ltr'><strong>potentia</strong></span> <span class='ocrx_word' id='word_1_329' title='bbox 1040 2699 1090 2760; x_wconf 89' lang='lat' dir='ltr'><strong>bic</strong></span> <span class='ocrx_word' id='word_1_330' title='bbox 1111 2707 1208 2760; x_wconf 87' lang='lat' dir='ltr'><strong>reatus</strong></span> <span class='ocrx_word' id='word_1_331' title='bbox 1232 2702 1349 2774; x_wconf 84' lang='lat' dir='ltr'><strong>ascribi,</strong></span> <span class='ocrx_word' id='word_1_332' title='bbox 1373 2704 1425 2780; x_wconf 77' lang='lat' dir='ltr'><strong>tpui</strong></span> <span class='ocrx_word' id='word_1_333' title='bbox 1443 2709 1474 2765; x_wconf 88' lang='lat' dir='ltr'><strong>et</strong></span> <span class='ocrx_word' id='word_1_334' title='bbox 1497 2705 1652 2780; x_wconf 82' lang='lat' dir='ltr'><strong>conjugem</strong></span> <span class='ocrx_word' id='word_1_335' title='bbox 1674 2705 1739 2766; x_wconf 90' lang='lat' dir='ltr'><strong>viro</strong></span> <span class='ocrx_word' id='word_1_336' title='bbox 1768 2706 1895 2780; x_wconf 76' lang='lat' dir='ltr'><strong>junxisti</strong></span> 
     </span>
     <span class='ocr_line' id='line_1_27' title="bbox 150 2794 1896 2868; baseline -0.004 -8"><span class='ocrx_word' id='word_1_337' title='bbox 150 2800 207 2860; x_wconf 87' lang='lat' dir='ltr'><strong>Deo</strong></span> <span class='ocrx_word' id='word_1_338' title='bbox 235 2804 316 2867; x_wconf 89' lang='lat' dir='ltr'><strong>sunt,</strong></span> <span class='ocrx_word' id='word_1_339' title='bbox 337 2797 374 2856; x_wconf 91' lang='lat' dir='ltr'><strong>ad</strong></span> <span class='ocrx_word' id='word_1_340' title='bbox 396 2796 622 2856; x_wconf 82' lang='lat' dir='ltr'><strong>destructionem</strong></span> <span class='ocrx_word' id='word_1_341' title='bbox 643 2794 854 2865; x_wconf 86' lang='lat' dir='ltr'><strong>munitionum,</strong></span> <span class='ocrx_word' id='word_1_342' title='bbox 880 2794 1001 2855; x_wconf 85' lang='lat' dir='ltr'><strong>consilia</strong></span> <span class='ocrx_word' id='word_1_343' title='bbox 1041 2795 1070 2850; x_wconf 87' lang='lat' dir='ltr'><strong>et</strong></span> <span class='ocrx_word' id='word_1_344' title='bbox 1093 2797 1256 2866; x_wconf 83' lang='lat' dir='ltr'><strong>serpentem</strong></span> <span class='ocrx_word' id='word_1_345' title='bbox 1281 2794 1314 2854; x_wconf 91' lang='lat' dir='ltr'><strong>in</strong></span> <span class='ocrx_word' id='word_1_346' title='bbox 1331 2794 1465 2868; x_wconf 87' lang='lat' dir='ltr'><strong>paradiso</strong></span> <span class='ocrx_word' id='word_1_347' title='bbox 1488 2794 1565 2856; x_wconf 89' lang='lat' dir='ltr'><strong>iuter</strong></span> <span class='ocrx_word' id='word_1_348' title='bbox 1592 2797 1726 2859; x_wconf 86' lang='lat' dir='ltr'><strong>botnines</strong></span> <span class='ocrx_word' id='word_1_349' title='bbox 1746 2794 1826 2854; x_wconf 60' lang='lat' dir='ltr'><strong>2le</strong></span> <span class='ocrx_word' id='word_1_350' title='bbox 1851 2798 1896 2864; x_wconf 77' lang='lat' dir='ltr'><strong>vi-</strong></span> 
     </span>
     <span class='ocr_line' id='line_1_28' title="bbox 150 2883 1899 2967; baseline 0.001 -18"><span class='ocrx_word' id='word_1_351' title='bbox 150 2887 277 2964; x_wconf 90' lang='lat' dir='ltr'><strong>corporis</strong></span> <span class='ocrx_word' id='word_1_352' title='bbox 299 2885 480 2946; x_wconf 89' lang='lat' dir='ltr'><strong>destruentes</strong></span> <span class='ocrx_word' id='word_1_353' title='bbox 502 2892 531 2945; x_wconf 89' lang='lat' dir='ltr'><strong>et</strong></span> <span class='ocrx_word' id='word_1_354' title='bbox 555 2900 673 2945; x_wconf 87' lang='lat' dir='ltr'><strong>omnem</strong></span> <span class='ocrx_word' id='word_1_355' title='bbox 697 2883 891 2943; x_wconf 87' lang='lat' dir='ltr'><strong>altitudinem·</strong></span> <span class='ocrx_word' id='word_1_356' title='bbox 908 2884 1003 2967; x_wconf 85' lang='lat' dir='ltr'><strong>extol·</strong></span> <span class='ocrx_word' id='word_1_357' title='bbox 1044 2900 1112 2945; x_wconf 89' lang='lat' dir='ltr'><strong>vere</strong></span> <span class='ocrx_word' id='word_1_358' title='bbox 1136 2886 1300 2947; x_wconf 82' lang='lat' dir='ltr'><strong>decrevisti.</strong></span> <span class='ocrx_word' id='word_1_359' title='bbox 1329 2886 1460 2958; x_wconf 80' lang='lat' dir='ltr'><strong>Quorum</strong></span> <span class='ocrx_word' id='word_1_360' title='bbox 1485 2891 1641 2967; x_wconf 81' lang='lat' dir='ltr'><strong>utriusque</strong></span> <span class='ocrx_word' id='word_1_361' title='bbox 1672 2896 1812 2967; x_wconf 74' lang='lat' dir='ltr'><strong>unquam</strong></span> <span class='ocrx_word' id='word_1_362' title='bbox 1842 2891 1899 2965; x_wconf 91' lang='lat' dir='ltr'><strong>pri-</strong></span> 
     </span>
     <span class='ocr_line' id='line_1_29' title="bbox 150 2969 1898 3058; baseline 0.004 -22"><span class='ocrx_word' id='word_1_363' title='bbox 150 2975 257 3036; x_wconf 87' lang='lat' dir='ltr'><strong>lentem</strong></span> <span class='ocrx_word' id='word_1_364' title='bbox 284 2990 316 3035; x_wconf 89' lang='lat' dir='ltr'><strong>se</strong></span> <span class='ocrx_word' id='word_1_365' title='bbox 343 2973 499 3034; x_wconf 89' lang='lat' dir='ltr'><strong>adversum</strong></span> <span class='ocrx_word' id='word_1_366' title='bbox 518 2971 666 3033; x_wconf 89' lang='lat' dir='ltr'><strong>scientiam</strong></span> <span class='ocrx_word' id='word_1_367' title='bbox 696 2969 760 3045; x_wconf 89' lang='lat' dir='ltr'><strong>Uei,</strong></span> <span class='ocrx_word' id='word_1_368' title='bbox 782 2978 811 3030; x_wconf 91' lang='lat' dir='ltr'><strong>et</strong></span> <span class='ocrx_word' id='word_1_369' title='bbox 833 2969 865 3031; x_wconf 92' lang='lat' dir='ltr'><strong>in</strong></span> <span class='ocrx_word' id='word_1_370' title='bbox 881 2972 1003 3047; x_wconf 85' lang='lat' dir='ltr'><strong>captivi·</strong></span> <span class='ocrx_word' id='word_1_371' title='bbox 1044 2976 1204 3040; x_wconf 84' lang='lat' dir='ltr'><strong>miscbolus</strong></span> <span class='ocrx_word' id='word_1_372' title='bbox 1217 2978 1269 3038; x_wconf 89' lang='lat' dir='ltr'><strong>ille</strong></span> <span class='ocrx_word' id='word_1_373' title='bbox 1282 2979 1444 3056; x_wconf 88' lang='lat' dir='ltr'><strong>discipulus</strong></span> <span class='ocrx_word' id='word_1_374' title='bbox 1462 2989 1534 3054; x_wconf 87' lang='lat' dir='ltr'><strong>erat,</strong></span> <span class='ocrx_word' id='word_1_375' title='bbox 1558 2982 1662 3058; x_wconf 77' lang='lat' dir='ltr'><strong>auide</strong></span> <span class='ocrx_word' id='word_1_376' title='bbox 1684 2983 1759 3043; x_wconf 84' lang='lat' dir='ltr'><strong>Abel</strong></span> <span class='ocrx_word' id='word_1_377' title='bbox 1774 2982 1898 3043; x_wconf 78' lang='lat' dir='ltr'><strong>cumino</strong></span> 
     </span>
     <span class='ocr_line' id='line_1_30' title="bbox 151 3059 1897 3147; baseline 0.003 -24"><span class='ocrx_word' id='word_1_378' title='bbox 151 3069 238 3124; x_wconf 89' lang='lat' dir='ltr'><strong>tatem</strong></span> <span class='ocrx_word' id='word_1_379' title='bbox 258 3064 422 3140; x_wconf 83' lang='lat' dir='ltr'><strong>redigentes</strong></span> <span class='ocrx_word' id='word_1_380' title='bbox 434 3078 556 3124; x_wconf 89' lang='lat' dir='ltr'><strong>omnem</strong></span> <span class='ocrx_word' id='word_1_381' title='bbox 573 3059 753 3121; x_wconf 89' lang='lat' dir='ltr'><strong>intellectum</strong></span> <span class='ocrx_word' id='word_1_382' title='bbox 775 3060 808 3119; x_wconf 93' lang='lat' dir='ltr'><strong>in</strong></span> <span class='ocrx_word' id='word_1_383' title='bbox 828 3060 1003 3137; x_wconf 89' lang='lat' dir='ltr'><strong>obsequium</strong></span> <span class='ocrx_word' id='word_1_384' title='bbox 1044 3066 1207 3140; x_wconf 83' lang='lat' dir='ltr'><strong>requirenti</strong></span> <span class='ocrx_word' id='word_1_385' title='bbox 1220 3069 1369 3144; x_wconf 88' lang='lat' dir='ltr'><strong>respondit</strong></span> <span class='ocrx_word' id='word_1_386' title='bbox 1386 3090 1394 3131; x_wconf 91' lang='lat'>:</span> <span class='ocrx_word' id='word_1_387' title='bbox 1413 3095 1428 3125; x_wconf 75' lang='grc' dir='ltr'>ι</span> <span class='ocrx_word' id='word_1_388' title='bbox 1444 3069 1585 3147; x_wconf 72' lang='lat' dir='ltr'><strong>nussum</strong></span> <span class='ocrx_word' id='word_1_389' title='bbox 1600 3078 1697 3136; x_wconf 74' lang='lat' dir='ltr'><strong>susim</strong></span> <span class='ocrx_word' id='word_1_390' title='bbox 1717 3071 1815 3134; x_wconf 77' lang='lat' dir='ltr'><strong>botris</strong></span> <span class='ocrx_word' id='word_1_391' title='bbox 1836 3086 1897 3132; x_wconf 80' lang='lat' dir='ltr'><strong>une:</strong></span> 
     </span>
    </p>
   </div>
   <div class='ocr_carea' id='block_1_11' title="bbox 151 3148 1403 3352">
    <p class='ocr_par' dir='ltr' id='par_1_13' title="bbox 151 3148 1403 3352">
     <span class='ocr_line' id='line_1_31' title="bbox 151 3148 1403 3246; baseline 0.008 -33"><span class='ocrx_word' id='word_1_392' title='bbox 151 3151 257 3214; x_wconf 84' lang='lat' dir='ltr'><strong>Christi</strong></span> <span class='ocrx_word' id='word_1_393' title='bbox 271 3154 309 3229; x_wconf 81' lang='grc' dir='ltr'><strong>(Π</strong></span> <span class='ocrx_word' id='word_1_394' title='bbox 321 3155 381 3215; x_wconf 79' lang='lat' dir='ltr'><strong>dor.</strong></span> <span class='ocrx_word' id='word_1_395' title='bbox 396 3155 439 3230; x_wconf 80' lang='lat' dir='ltr'><strong>x).</strong></span> <span class='ocrx_word' id='word_1_396' title='bbox 456 3176 468 3206; x_wconf 77' lang='grc' dir='ltr'>ι</span> <span class='ocrx_word' id='word_1_397' title='bbox 484 3151 531 3214; x_wconf 85' lang='lat' dir='ltr'><strong>Ab</strong></span> <span class='ocrx_word' id='word_1_398' title='bbox 544 3152 600 3212; x_wconf 89' lang='lat' dir='ltr'><strong>bac</strong></span> <span class='ocrx_word' id='word_1_399' title='bbox 614 3165 682 3227; x_wconf 84' lang='lat' dir='ltr'><strong>ergo</strong></span> <span class='ocrx_word' id='word_1_400' title='bbox 694 3148 786 3209; x_wconf 89' lang='lat' dir='ltr'><strong>barba</strong></span> <span class='ocrx_word' id='word_1_401' title='bbox 800 3150 910 3210; x_wconf 91' lang='lat' dir='ltr'><strong>summi</strong></span> <span class='ocrx_word' id='word_1_402' title='bbox 929 3166 1023 3246; x_wconf 59' lang='lat' dir='ltr'><strong>pon-.ki</strong></span> <span class='ocrx_word' id='word_1_403' title='bbox 1044 3170 1112 3216; x_wconf 90' lang='lat' dir='ltr'><strong>sum</strong></span> <span class='ocrx_word' id='word_1_404' title='bbox 1126 3159 1206 3232; x_wconf 77' lang='lat' dir='ltr'><strong>egoi</strong></span> <span class='ocrx_word' id='word_1_405' title='bbox 1222 3183 1235 3210; x_wconf 75' lang='grc' dir='ltr'>ι</span> <span class='ocrx_word' id='word_1_406' title='bbox 1254 3160 1332 3233; x_wconf 77' lang='lat' dir='ltr'><strong>(dett.</strong></span> <span class='ocrx_word' id='word_1_407' title='bbox 1347 3162 1403 3236; x_wconf 78' lang='lat' dir='ltr'><strong>rt.)</strong></span> 
     </span>
     <span class='ocr_line' id='line_1_32' title="bbox 734 3277 1276 3352; baseline 0.02 -18"><span class='ocrx_word' id='word_1_408' title='bbox 734 3277 899 3352; x_wconf 60' lang='lat' dir='ltr'><strong>Raptim</strong></span> <span class='ocrx_word' id='word_1_409' title='bbox 918 3280 1074 3339; x_wconf 64' lang='lat' dir='ltr'><strong>emmona</strong></span> <span class='ocrx_word' id='word_1_410' title='bbox 1085 3280 1120 3337; x_wconf 83' lang='lat' dir='ltr'><strong>dc</strong></span> <span class='ocrx_word' id='word_1_411' title='bbox 1131 3281 1276 3345; x_wconf 76' lang='lat' dir='ltr'><strong>Psaltert&#39;o.</strong></span> 
     </span>
    </p>
   </div>
   <div class='ocr_carea' id='block_1_12' title="bbox 151 3434 1484 4117">
    <p class='ocr_par' dir='ltr' id='par_1_14' title="bbox 151 3434 1484 3915">
     <span class='ocr_line' id='line_1_33' title="bbox 166 3434 1484 3509; baseline 0.011 -15"><span class='ocrx_word' id='word_1_412' title='bbox 166 3479 172 3493; x_wconf 92' lang='lat'>.</span> <span class='ocrx_word' id='word_1_413' title='bbox 584 3434 778 3499; x_wconf 79' lang='lat' dir='ltr'><strong>rucurluitu</strong></span> <span class='ocrx_word' id='word_1_414' title='bbox 790 3435 980 3500; x_wconf 66' lang='lat' dir='ltr'><strong>CAPITULA</strong></span> <span class='ocrx_word' id='word_1_415' title='bbox 990 3438 1041 3501; x_wconf 75' lang='lat' dir='ltr'><strong>DE</strong></span> <span class='ocrx_word' id='word_1_416' title='bbox 1053 3439 1484 3509; x_wconf 64' lang='lat' dir='ltr'><strong>uuuoruovuubwitllm</strong></span> 
     </span>
     <span class='ocr_line' id='line_1_34' title="bbox 153 3538 678 3613; baseline -0.017 -8"><span class='ocrx_word' id='word_1_417' title='bbox 153 3544 180 3605; x_wconf 90' lang='lat' dir='ltr'><strong>l.</strong></span> <span class='ocrx_word' id='word_1_418' title='bbox 199 3545 239 3603; x_wconf 82' lang='lat' dir='ltr'><strong>Ile</strong></span> <span class='ocrx_word' id='word_1_419' title='bbox 251 3543 375 3608; x_wconf 75' lang='lat' dir='ltr'><strong>erectim,</strong></span> <span class='ocrx_word' id='word_1_420' title='bbox 389 3554 452 3613; x_wconf 71' lang='lat' dir='ltr'><strong>orte</strong></span> <span class='ocrx_word' id='word_1_421' title='bbox 460 3538 565 3598; x_wconf 76' lang='lat' dir='ltr'><strong>dicite·</strong></span> <span class='ocrx_word' id='word_1_422' title='bbox 574 3540 678 3597; x_wconf 81' lang='lat' dir='ltr'><strong>olicae.</strong></span> 
     </span>
     <span class='ocr_line' id='line_1_35' title="bbox 151 3614 1309 3773; baseline -0.003 -25"><span class='ocrx_word' id='word_1_423' title='bbox 151 3616 181 3748; x_wconf 60' lang='grc' dir='ltr'><strong>ΞΖ</strong></span> <span class='ocrx_word' id='word_1_424' title='bbox 198 3614 650 3773; x_wconf 45' lang='lat' dir='ltr'><strong>&amp;ammio-eleuata</strong></span> <span class='ocrx_word' id='word_1_425' title='bbox 660 3695 735 3767; x_wconf 68' lang='lat' dir='ltr'><strong>mas,</strong></span> <span class='ocrx_word' id='word_1_426' title='bbox 750 3679 970 3739; x_wconf 67' lang='lat' dir='ltr'><strong>caeternum</strong></span> <span class='ocrx_word' id='word_1_427' title='bbox 983 3684 1010 3739; x_wconf 76' lang='lat' dir='ltr'><strong>et</strong></span> <span class='ocrx_word' id='word_1_428' title='bbox 1018 3684 1166 3757; x_wconf 71' lang='lat' dir='ltr'><strong>papauer</strong></span> <span class='ocrx_word' id='word_1_429' title='bbox 1178 3699 1309 3744; x_wconf 76' lang='lat' dir='ltr'><strong>meacm</strong></span> 
     </span>
     <span class='ocr_line' id='line_1_36' title="bbox 151 3753 1180 3915; baseline -0.004 -26"><span class='ocrx_word' id='word_1_430' title='bbox 151 3760 180 3889; x_wconf 63' lang='lat'><strong>3:</strong></span> <span class='ocrx_word' id='word_1_431' title='bbox 200 3753 720 3915; x_wconf 45' lang='lat' dir='ltr'><strong>fftffiffifflfflffumt</strong></span> <span class='ocrx_word' id='word_1_432' title='bbox 731 3828 827 3898; x_wconf 69' lang='lat' dir='ltr'><strong>posta</strong></span> <span class='ocrx_word' id='word_1_433' title='bbox 838 3823 955 3896; x_wconf 66' lang='lat' dir='ltr'><strong>aarum</strong></span> <span class='ocrx_word' id='word_1_434' title='bbox 968 3823 1079 3884; x_wconf 72' lang='lat' dir='ltr'><strong>omem</strong></span> <span class='ocrx_word' id='word_1_435' title='bbox 1093 3830 1180 3885; x_wconf 75' lang='lat' dir='ltr'><strong>eam.</strong></span> 
     </span>
    </p>

    <p class='ocr_par' dir='ltr' id='par_1_15' title="bbox 152 3900 1460 4117">
     <span class='ocr_line' id='line_1_37' title="bbox 153 3900 1309 3988; baseline -0.005 -27"><span class='ocrx_word' id='word_1_436' title='bbox 153 3902 181 3961; x_wconf 87' lang='grc'><strong>6.</strong></span> <span class='ocrx_word' id='word_1_437' title='bbox 202 3900 601 3988; x_wconf 49' lang='lat' dir='ltr'><strong>Dcmclispraetltcotortbuq</strong></span> <span class='ocrx_word' id='word_1_438' title='bbox 887 3969 905 3983; x_wconf 92' lang='lat'><strong>..</strong></span> <span class='ocrx_word' id='word_1_439' title='bbox 936 3970 943 3981; x_wconf 34' lang='lat'><strong>·</strong></span> <span class='ocrx_word' id='word_1_440' title='bbox 1032 3969 1039 3985; x_wconf 31' lang='grc' dir='ltr'><strong>θ</strong></span> <span class='ocrx_word' id='word_1_441' title='bbox 1085 3970 1091 3984; x_wconf 36' lang='lat'>⁸</span> <span class='ocrx_word' id='word_1_442' title='bbox 1133 3970 1177 3985; x_wconf 78' lang='lat'><strong>.,</strong></span> <span class='ocrx_word' id='word_1_443' title='bbox 1214 3970 1252 3987; x_wconf 89' lang='lat'><strong>..</strong></span> <span class='ocrx_word' id='word_1_444' title='bbox 1302 3974 1309 3987; x_wconf 90' lang='lat'><strong>.</strong></span> 
     </span>
     <span class='ocr_line' id='line_1_38' title="bbox 152 3968 1460 4046; baseline -0.005 -13"><span class='ocrx_word' id='word_1_445' title='bbox 152 3974 183 4033; x_wconf 85' lang='lat'><strong>7.</strong></span> <span class='ocrx_word' id='word_1_446' title='bbox 203 3976 282 4031; x_wconf 76' lang='lat' dir='ltr'><strong>Sicut</strong></span> <span class='ocrx_word' id='word_1_447' title='bbox 293 3976 343 4046; x_wconf 77' lang='lat' dir='ltr'><strong>qui</strong></span> <span class='ocrx_word' id='word_1_448' title='bbox 355 3976 443 4031; x_wconf 81' lang='lat' dir='ltr'><strong>mttttt</strong></span> <span class='ocrx_word' id='word_1_449' title='bbox 457 3971 577 4045; x_wconf 68' lang='lat' dir='ltr'><strong>lapidem</strong></span> <span class='ocrx_word' id='word_1_450' title='bbox 588 3986 619 4026; x_wconf 82' lang='lat' dir='ltr'><strong>ta</strong></span> <span class='ocrx_word' id='word_1_451' title='bbox 633 3984 759 4025; x_wconf 76' lang='lat' dir='ltr'><strong>account</strong></span> <span class='ocrx_word' id='word_1_452' title='bbox 774 3968 914 4033; x_wconf 69' lang='lat' dir='ltr'><strong>neuma,</strong></span> <span class='ocrx_word' id='word_1_453' title='bbox 930 3972 972 4024; x_wconf 79' lang='lat' dir='ltr'><strong>rto</strong></span> <span class='ocrx_word' id='word_1_454' title='bbox 988 3984 1038 4041; x_wconf 79' lang='lat' dir='ltr'><strong>put</strong></span> <span class='ocrx_word' id='word_1_455' title='bbox 1052 3969 1152 4028; x_wconf 66' lang='lat' dir='ltr'><strong>bricti</strong></span> <span class='ocrx_word' id='word_1_456' title='bbox 1164 3975 1308 4046; x_wconf 66' lang='lat' dir='ltr'><strong>mnpvnts</strong></span> <span class='ocrx_word' id='word_1_457' title='bbox 1322 3971 1460 4031; x_wconf 71' lang='lat' dir='ltr'><strong>Maereat.</strong></span> 
     </span>
     <span class='ocr_line' id='line_1_39' title="bbox 153 4040 980 4117; baseline -0.01 -11"><span class='ocrx_word' id='word_1_458' title='bbox 153 4044 184 4106; x_wconf 82' lang='grc'><strong>8.</strong></span> <span class='ocrx_word' id='word_1_459' title='bbox 204 4047 388 4117; x_wconf 57' lang='lat' dir='ltr'><strong>Struma</strong></span> <span class='ocrx_word' id='word_1_460' title='bbox 401 4045 464 4103; x_wconf 81' lang='lat' dir='ltr'><strong>dua</strong></span> <span class='ocrx_word' id='word_1_461' title='bbox 473 4046 539 4102; x_wconf 72' lang='lat' dir='ltr'><strong>suut</strong></span> <span class='ocrx_word' id='word_1_462' title='bbox 552 4042 628 4115; x_wconf 69' lang='lat' dir='ltr'><strong>libbe,</strong></span> <span class='ocrx_word' id='word_1_463' title='bbox 641 4041 762 4101; x_wconf 73' lang='grc' dir='ltr'>ἀίοιιιιιιι</span> <span class='ocrx_word' id='word_1_464' title='bbox 777 4057 786 4096; x_wconf 84' lang='lat'><em>=</em></span> <span class='ocrx_word' id='word_1_465' title='bbox 798 4040 887 4113; x_wconf 74' lang='lat' dir='ltr'><strong>Affcr,</strong></span> <span class='ocrx_word' id='word_1_466' title='bbox 901 4040 980 4113; x_wconf 73' lang='lat' dir='ltr'><strong>offer.</strong></span> 
     </span>
    </p>
   </div>
   <div class='ocr_carea' id='block_1_13' title="bbox 325 4164 1736 4456">
    <p class='ocr_par' dir='ltr' id='par_1_16' title="bbox 325 4164 1736 4456">
     <span class='ocr_line' id='line_1_40' title="bbox 872 4164 1208 4239; baseline 0.009 -18"><span class='ocrx_word' id='word_1_467' title='bbox 872 4164 1039 4238; x_wconf 61' lang='lat' dir='ltr'><strong>metues</strong></span> <span class='ocrx_word' id='word_1_468' title='bbox 1054 4166 1208 4239; x_wconf 67' lang='grc' dir='ltr'>ωριιυια..</span> 
     </span>
     <span class='ocr_line' id='line_1_41' title="bbox 325 4352 1736 4456; baseline 0.004 -5"><span class='ocrx_word' id='word_1_469' title='bbox 325 4355 677 4456; x_wconf 76' lang='lat' dir='ltr'><strong>lllclrltlttu</strong></span> <span class='ocrx_word' id='word_1_470' title='bbox 715 4353 1142 4450; x_wconf 81' lang='lat' dir='ltr'><strong>TESTIMONIA</strong></span> <span class='ocrx_word' id='word_1_471' title='bbox 1178 4352 1736 4456; x_wconf 52' lang='lat' dir='ltr'><strong>Pit‘ovuuBiouUlu.</strong></span> 
     </span>
    </p>
   </div>
   <div class='ocr_carea' id='block_1_14' title="bbox 152 4535 1919 5880">
    <p class='ocr_par' dir='ltr' id='par_1_17' title="bbox 434 4535 1911 4616">
     <span class='ocr_line' id='line_1_42' title="bbox 434 4535 1911 4616; baseline 0.006 -17"><span class='ocrx_word' id='word_1_472' title='bbox 434 4536 558 4599; x_wconf 79' lang='lat' dir='ltr'><strong>CAPUT</strong></span> <span class='ocrx_word' id='word_1_473' title='bbox 571 4535 736 4599; x_wconf 83' lang='lat' dir='ltr'><strong>PiilllUbl.</strong></span> <span class='ocrx_word' id='word_1_474' title='bbox 1011 4539 1046 4605; x_wconf 75' lang='grc' dir='ltr'><strong>(Β</strong></span> <span class='ocrx_word' id='word_1_475' title='bbox 1058 4537 1154 4600; x_wconf 81' lang='lat' dir='ltr'><strong>dicat:</strong></span> <span class='ocrx_word' id='word_1_476' title='bbox 1173 4564 1188 4594; x_wconf 72' lang='grc' dir='ltr'><strong>α</strong></span> <span class='ocrx_word' id='word_1_477' title='bbox 1205 4539 1250 4602; x_wconf 89' lang='lat' dir='ltr'><strong>Sit</strong></span> <span class='ocrx_word' id='word_1_478' title='bbox 1261 4556 1337 4602; x_wconf 85' lang='lat' dir='ltr'><strong>vena</strong></span> <span class='ocrx_word' id='word_1_479' title='bbox 1353 4545 1403 4602; x_wconf 87' lang='lat' dir='ltr'><strong>tua</strong></span> <span class='ocrx_word' id='word_1_480' title='bbox 1414 4541 1576 4616; x_wconf 89' lang='lat' dir='ltr'><strong>benedicta,</strong></span> <span class='ocrx_word' id='word_1_481' title='bbox 1595 4549 1623 4603; x_wconf 89' lang='lat' dir='ltr'><strong>et</strong></span> <span class='ocrx_word' id='word_1_482' title='bbox 1637 4544 1737 4606; x_wconf 82' lang='lat' dir='ltr'><strong>laetare</strong></span> <span class='ocrx_word' id='word_1_483' title='bbox 1759 4559 1828 4606; x_wconf 90' lang='lat' dir='ltr'><strong>cum</strong></span> <span class='ocrx_word' id='word_1_484' title='bbox 1842 4563 1911 4607; x_wconf 91' lang='lat' dir='ltr'><strong>mu·</strong></span> 
     </span>
    </p>

    <p class='ocr_par' dir='ltr' id='par_1_18' title="bbox 316 4629 1915 4705">
     <span class='ocr_line' id='line_1_43' title="bbox 316 4629 1915 4705; baseline 0.004 -15"><span class='ocrx_word' id='word_1_485' title='bbox 316 4635 348 4690; x_wconf 81' lang='lat' dir='ltr'><strong>la</strong></span> <span class='ocrx_word' id='word_1_486' title='bbox 360 4634 476 4705; x_wconf 65' lang='lat' dir='ltr'><strong>minoto</strong></span> <span class='ocrx_word' id='word_1_487' title='bbox 493 4632 531 4686; x_wconf 82' lang='lat' dir='ltr'><strong>cd</strong></span> <span class='ocrx_word' id='word_1_488' title='bbox 546 4632 669 4688; x_wconf 76' lang='lat' dir='ltr'><strong>cinctum</strong></span> <span class='ocrx_word' id='word_1_489' title='bbox 681 4630 854 4703; x_wconf 66' lang='lat' dir='ltr'><strong>mesenum.</strong></span> <span class='ocrx_word' id='word_1_490' title='bbox 1055 4629 1126 4690; x_wconf 87' lang='lat' dir='ltr'><strong>licre</strong></span> <span class='ocrx_word' id='word_1_491' title='bbox 1141 4629 1344 4691; x_wconf 75' lang='lat' dir='ltr'><strong>adolescentiae</strong></span> <span class='ocrx_word' id='word_1_492' title='bbox 1359 4638 1417 4692; x_wconf 79' lang='lat' dir='ltr'><strong>tum</strong></span> <span class='ocrx_word' id='word_1_493' title='bbox 1434 4635 1524 4705; x_wconf 83' lang='lat' dir='ltr'><strong>(Proo.</strong></span> <span class='ocrx_word' id='word_1_494' title='bbox 1542 4636 1587 4703; x_wconf 82' lang='lat' dir='ltr'><strong>t).</strong></span> <span class='ocrx_word' id='word_1_495' title='bbox 1600 4652 1616 4689; x_wconf 76' lang='lat' dir='ltr'><strong>e</strong></span> <span class='ocrx_word' id='word_1_496' title='bbox 1631 4632 1737 4695; x_wconf 83' lang='lat' dir='ltr'><strong>Mulier</strong></span> <span class='ocrx_word' id='word_1_497' title='bbox 1751 4635 1833 4696; x_wconf 90' lang='lat' dir='ltr'><strong>euim</strong></span> <span class='ocrx_word' id='word_1_498' title='bbox 1846 4637 1915 4697; x_wconf 91' lang='lat' dir='ltr'><strong>ado·</strong></span> 
     </span>
    </p>

    <p class='ocr_par' dir='ltr' id='par_1_19' title="bbox 152 4717 1919 5699">
     <span class='ocr_line' id='line_1_44' title="bbox 198 4717 1912 4800; baseline 0.005 -22"><span class='ocrx_word' id='word_1_499' title='bbox 198 4747 214 4778; x_wconf 75' lang='grc' dir='ltr'>ι</span> <span class='ocrx_word' id='word_1_500' title='bbox 243 4721 404 4783; x_wconf 89' lang='lat' dir='ltr'><strong>Prudentia</strong></span> <span class='ocrx_word' id='word_1_501' title='bbox 429 4720 556 4779; x_wconf 82' lang='lat' dir='ltr'><strong>servabit</strong></span> <span class='ocrx_word' id='word_1_502' title='bbox 580 4724 618 4793; x_wconf 90' lang='lat' dir='ltr'><strong>te,</strong></span> <span class='ocrx_word' id='word_1_503' title='bbox 649 4724 683 4779; x_wconf 91' lang='lat' dir='ltr'><strong>ut</strong></span> <span class='ocrx_word' id='word_1_504' title='bbox 707 4718 819 4780; x_wconf 87' lang='lat' dir='ltr'><strong>eruaris</strong></span> <span class='ocrx_word' id='word_1_505' title='bbox 845 4735 863 4777; x_wconf 87' lang='lat' dir='ltr'><strong>a</strong></span> <span class='ocrx_word' id='word_1_506' title='bbox 889 4717 1015 4779; x_wconf 87' lang='lat' dir='ltr'><strong>muliere</strong></span> <span class='ocrx_word' id='word_1_507' title='bbox 1055 4719 1203 4781; x_wconf 83' lang='lat' dir='ltr'><strong>lesrentiae</strong></span> <span class='ocrx_word' id='word_1_508' title='bbox 1222 4730 1339 4798; x_wconf 78' lang='lat' dir='ltr'><strong>uocum,</strong></span> <span class='ocrx_word' id='word_1_509' title='bbox 1362 4730 1461 4784; x_wconf 87' lang='lat' dir='ltr'><strong>sancta</strong></span> <span class='ocrx_word' id='word_1_510' title='bbox 1482 4724 1582 4799; x_wconf 90' lang='lat' dir='ltr'><strong>procul</strong></span> <span class='ocrx_word' id='word_1_511' title='bbox 1598 4724 1689 4786; x_wconf 87' lang='lat' dir='ltr'><strong>dnbio</strong></span> <span class='ocrx_word' id='word_1_512' title='bbox 1711 4732 1756 4786; x_wconf 88' lang='lat' dir='ltr'><strong>est</strong></span> <span class='ocrx_word' id='word_1_513' title='bbox 1769 4726 1841 4800; x_wconf 88' lang='lat' dir='ltr'><strong>vita,</strong></span> <span class='ocrx_word' id='word_1_514' title='bbox 1864 4727 1912 4787; x_wconf 90' lang='lat' dir='ltr'><strong>cui</strong></span> 
     </span>
     <span class='ocr_line' id='line_1_45' title="bbox 155 4809 1911 4890; baseline -0.001 -15"><span class='ocrx_word' id='word_1_515' title='bbox 155 4815 266 4888; x_wconf 84' lang='lat' dir='ltr'><strong>alicua,</strong></span> <span class='ocrx_word' id='word_1_516' title='bbox 280 4820 309 4873; x_wconf 87' lang='lat' dir='ltr'><strong>et</strong></span> <span class='ocrx_word' id='word_1_517' title='bbox 323 4812 360 4872; x_wconf 90' lang='lat' dir='ltr'><strong>ab</strong></span> <span class='ocrx_word' id='word_1_518' title='bbox 383 4817 525 4871; x_wconf 83' lang='lat' dir='ltr'><strong>extranea</strong></span> <span class='ocrx_word' id='word_1_519' title='bbox 549 4827 616 4887; x_wconf 81' lang='lat' dir='ltr'><strong>quae</strong></span> <span class='ocrx_word' id='word_1_520' title='bbox 628 4810 721 4869; x_wconf 88' lang='lat' dir='ltr'><strong>mollit</strong></span> <span class='ocrx_word' id='word_1_521' title='bbox 735 4825 883 4870; x_wconf 88' lang='lat' dir='ltr'><strong>sermones</strong></span> <span class='ocrx_word' id='word_1_522' title='bbox 904 4824 1014 4869; x_wconf 87' lang='lat' dir='ltr'><strong>suos·</strong></span> <span class='ocrx_word' id='word_1_523' title='bbox 1057 4809 1166 4870; x_wconf 88' lang='lat' dir='ltr'><strong>scilicet</strong></span> <span class='ocrx_word' id='word_1_524' title='bbox 1187 4825 1225 4871; x_wconf 80' lang='lat' dir='ltr'><strong>ea</strong></span> <span class='ocrx_word' id='word_1_525' title='bbox 1252 4815 1322 4871; x_wconf 90' lang='lat' dir='ltr'><strong>tunc</strong></span> <span class='ocrx_word' id='word_1_526' title='bbox 1346 4813 1407 4887; x_wconf 75' lang='lat' dir='ltr'><strong>lam</strong></span> <span class='ocrx_word' id='word_1_527' title='bbox 1423 4814 1506 4888; x_wconf 88' lang='lat' dir='ltr'><strong>quasi</strong></span> <span class='ocrx_word' id='word_1_528' title='bbox 1529 4829 1581 4889; x_wconf 90' lang='lat' dir='ltr'><strong>per</strong></span> <span class='ocrx_word' id='word_1_529' title='bbox 1594 4814 1712 4874; x_wconf 90' lang='lat' dir='ltr'><strong>arrbam</strong></span> <span class='ocrx_word' id='word_1_530' title='bbox 1732 4820 1760 4874; x_wconf 89' lang='lat' dir='ltr'><strong>st</strong></span> <span class='ocrx_word' id='word_1_531' title='bbox 1780 4814 1911 4890; x_wconf 90' lang='lat' dir='ltr'><strong>sponsio-</strong></span> 
     </span>
     <span class='ocr_line' id='line_1_46' title="bbox 156 4899 1913 4982; baseline 0 -17"><span class='ocrx_word' id='word_1_532' title='bbox 156 4905 198 4965; x_wconf 83' lang='lat' dir='ltr'><strong>Et</strong></span> <span class='ocrx_word' id='word_1_533' title='bbox 214 4911 276 4982; x_wconf 91' lang='lat' dir='ltr'><strong>post</strong></span> <span class='ocrx_word' id='word_1_534' title='bbox 298 4917 390 4978; x_wconf 83' lang='lat' dir='ltr'><strong>pauca</strong></span> <span class='ocrx_word' id='word_1_535' title='bbox 407 4920 415 4962; x_wconf 76' lang='grc' dir='ltr'><strong><em>ε</em></strong></span> <span class='ocrx_word' id='word_1_536' title='bbox 434 4927 448 4955; x_wconf 76' lang='grc' dir='ltr'>ι</span> <span class='ocrx_word' id='word_1_537' title='bbox 475 4902 582 4963; x_wconf 89' lang='lat' dir='ltr'><strong>Omnes</strong></span> <span class='ocrx_word' id='word_1_538' title='bbox 597 4902 650 4976; x_wconf 85' lang='lat' dir='ltr'><strong>qui</strong></span> <span class='ocrx_word' id='word_1_539' title='bbox 671 4899 877 4975; x_wconf 84' lang='lat' dir='ltr'><strong>ingrediuntur</strong></span> <span class='ocrx_word' id='word_1_540' title='bbox 890 4901 925 4960; x_wconf 89' lang='lat' dir='ltr'><strong>ad</strong></span> <span class='ocrx_word' id='word_1_541' title='bbox 952 4914 1018 4959; x_wconf 89' lang='lat' dir='ltr'><strong>eam</strong></span> <span class='ocrx_word' id='word_1_542' title='bbox 1059 4913 1129 4958; x_wconf 92' lang='lat' dir='ltr'><strong>nem</strong></span> <span class='ocrx_word' id='word_1_543' title='bbox 1141 4900 1287 4975; x_wconf 81' lang='lat' dir='ltr'><strong>conjuncti</strong></span> <span class='ocrx_word' id='word_1_544' title='bbox 1300 4915 1412 4974; x_wconf 88' lang='lat' dir='ltr'><strong>sumus,</strong></span> <span class='ocrx_word' id='word_1_545' title='bbox 1428 4917 1496 4961; x_wconf 90' lang='lat' dir='ltr'><strong>cum</strong></span> <span class='ocrx_word' id='word_1_546' title='bbox 1508 4901 1764 4964; x_wconf 85' lang='lat' dir='ltr'><strong>abrenuntiaturos</strong></span> <span class='ocrx_word' id='word_1_547' title='bbox 1781 4918 1836 4964; x_wconf 91' lang='lat' dir='ltr'><strong>nos</strong></span> <span class='ocrx_word' id='word_1_548' title='bbox 1849 4903 1913 4965; x_wconf 87' lang='lat' dir='ltr'><strong>dia·</strong></span> 
     </span>
     <span class='ocr_line' id='line_1_47' title="bbox 156 4988 1912 5069; baseline 0 -16"><span class='ocrx_word' id='word_1_549' title='bbox 156 5010 222 5053; x_wconf 94' lang='lat' dir='ltr'><strong>non</strong></span> <span class='ocrx_word' id='word_1_550' title='bbox 249 4997 444 5064; x_wconf 88' lang='lat' dir='ltr'><strong>revertentur,</strong></span> <span class='ocrx_word' id='word_1_551' title='bbox 484 5006 538 5050; x_wconf 89' lang='lat' dir='ltr'><strong>nec</strong></span> <span class='ocrx_word' id='word_1_552' title='bbox 559 4990 778 5065; x_wconf 89' lang='lat' dir='ltr'><strong>apprehendent</strong></span> <span class='ocrx_word' id='word_1_553' title='bbox 809 4991 927 5051; x_wconf 88' lang='lat' dir='ltr'><strong>semitas</strong></span> <span class='ocrx_word' id='word_1_554' title='bbox 951 4990 1020 5050; x_wconf 82' lang='lat' dir='ltr'><strong>vitae</strong></span> <span class='ocrx_word' id='word_1_555' title='bbox 1060 4988 1127 5050; x_wconf 91' lang='lat' dir='ltr'><strong>bolo</strong></span> <span class='ocrx_word' id='word_1_556' title='bbox 1152 4996 1181 5050; x_wconf 91' lang='lat' dir='ltr'><strong>et</strong></span> <span class='ocrx_word' id='word_1_557' title='bbox 1196 4991 1335 5052; x_wconf 90' lang='lat' dir='ltr'><strong>omnibus</strong></span> <span class='ocrx_word' id='word_1_558' title='bbox 1359 4991 1474 5068; x_wconf 92' lang='lat' dir='ltr'><strong>pompis</strong></span> <span class='ocrx_word' id='word_1_559' title='bbox 1495 4991 1558 5066; x_wconf 83' lang='lat' dir='ltr'><strong>ejus</strong></span> <span class='ocrx_word' id='word_1_560' title='bbox 1583 4991 1616 5051; x_wconf 95' lang='lat' dir='ltr'><strong>in</strong></span> <span class='ocrx_word' id='word_1_561' title='bbox 1642 4993 1784 5068; x_wconf 87' lang='lat' dir='ltr'><strong>baptismo</strong></span> <span class='ocrx_word' id='word_1_562' title='bbox 1802 4993 1912 5069; x_wconf 87' lang='lat' dir='ltr'><strong>promi·</strong></span> 
     </span>
     <span class='ocr_line' id='line_1_48' title="bbox 158 5081 1915 5160; baseline -0.001 -17"><span class='ocrx_word' id='word_1_563' title='bbox 158 5088 252 5160; x_wconf 86' lang='lat' dir='ltr'><strong>(Prco.</strong></span> <span class='ocrx_word' id='word_1_564' title='bbox 270 5085 311 5158; x_wconf 82' lang='lat' dir='ltr'><strong>u).</strong></span> <span class='ocrx_word' id='word_1_565' title='bbox 334 5106 349 5135; x_wconf 75' lang='grc' dir='ltr'>ι</span> <span class='ocrx_word' id='word_1_566' title='bbox 379 5081 451 5153; x_wconf 86' lang='lat' dir='ltr'><strong>Quae</strong></span> <span class='ocrx_word' id='word_1_567' title='bbox 476 5088 519 5144; x_wconf 87' lang='lat' dir='ltr'><strong>est</strong></span> <span class='ocrx_word' id='word_1_568' title='bbox 544 5089 641 5141; x_wconf 88' lang='lat' dir='ltr'><strong>autem</strong></span> <span class='ocrx_word' id='word_1_569' title='bbox 666 5082 815 5154; x_wconf 81' lang='lat' dir='ltr'><strong>mevetrix,</strong></span> <span class='ocrx_word' id='word_1_570' title='bbox 842 5081 889 5142; x_wconf 89' lang='lat' dir='ltr'><strong>vel</strong></span> <span class='ocrx_word' id='word_1_571' title='bbox 912 5081 1021 5142; x_wconf 91' lang='lat' dir='ltr'><strong>mulier</strong></span> <span class='ocrx_word' id='word_1_572' title='bbox 1061 5082 1163 5142; x_wconf 73' lang='lat' dir='ltr'><strong>umus.</strong></span> <span class='ocrx_word' id='word_1_573' title='bbox 1194 5081 1251 5142; x_wconf 92' lang='lat' dir='ltr'><strong>Ubi</strong></span> <span class='ocrx_word' id='word_1_574' title='bbox 1274 5097 1345 5143; x_wconf 87' lang='lat' dir='ltr'><strong>mox</strong></span> <span class='ocrx_word' id='word_1_575' title='bbox 1360 5083 1518 5145; x_wconf 88' lang='lat' dir='ltr'><strong>subditur:</strong></span> <span class='ocrx_word' id='word_1_576' title='bbox 1547 5084 1668 5144; x_wconf 82' lang='lat' dir='ltr'><strong>«Cerva</strong></span> <span class='ocrx_word' id='word_1_577' title='bbox 1694 5082 1864 5143; x_wconf 89' lang='lat' dir='ltr'><strong>charissima</strong></span> <span class='ocrx_word' id='word_1_578' title='bbox 1887 5092 1915 5160; x_wconf 81' lang='lat' dir='ltr'><strong>et</strong></span> 
     </span>
     <span class='ocr_line' id='line_1_49' title="bbox 157 5171 1913 5249; baseline 0.001 -16"><span class='ocrx_word' id='word_1_579' title='bbox 157 5173 273 5245; x_wconf 86' lang='lat' dir='ltr'><strong>aliena,</strong></span> <span class='ocrx_word' id='word_1_580' title='bbox 299 5174 385 5247; x_wconf 85' lang='lat' dir='ltr'><strong>cujus</strong></span> <span class='ocrx_word' id='word_1_581' title='bbox 411 5172 497 5231; x_wconf 91' lang='lat' dir='ltr'><strong>nobis</strong></span> <span class='ocrx_word' id='word_1_582' title='bbox 518 5171 690 5244; x_wconf 90' lang='lat' dir='ltr'><strong>prohibetur</strong></span> <span class='ocrx_word' id='word_1_583' title='bbox 713 5185 855 5244; x_wconf 69' lang='lat' dir='ltr'><strong>arcemus,</strong></span> <span class='ocrx_word' id='word_1_584' title='bbox 879 5171 937 5231; x_wconf 88' lang='lat' dir='ltr'><strong>uisi</strong></span> <span class='ocrx_word' id='word_1_585' title='bbox 962 5171 1022 5230; x_wconf 90' lang='lat' dir='ltr'><strong>vita</strong></span> <span class='ocrx_word' id='word_1_586' title='bbox 1062 5171 1243 5248; x_wconf 87' lang='lat' dir='ltr'><strong>gratissimus</strong></span> <span class='ocrx_word' id='word_1_587' title='bbox 1265 5172 1422 5246; x_wconf 89' lang='lat' dir='ltr'><strong>hinnulus,</strong></span> <span class='ocrx_word' id='word_1_588' title='bbox 1446 5174 1537 5234; x_wconf 91' lang='lat' dir='ltr'><strong>ubera</strong></span> <span class='ocrx_word' id='word_1_589' title='bbox 1554 5174 1617 5249; x_wconf 85' lang='lat' dir='ltr'><strong>ejus</strong></span> <span class='ocrx_word' id='word_1_590' title='bbox 1631 5173 1775 5233; x_wconf 88' lang='lat' dir='ltr'><strong>inebrient</strong></span> <span class='ocrx_word' id='word_1_591' title='bbox 1791 5181 1818 5233; x_wconf 91' lang='lat' dir='ltr'><strong>te</strong></span> <span class='ocrx_word' id='word_1_592' title='bbox 1833 5177 1913 5234; x_wconf 92' lang='lat' dir='ltr'><strong>omni</strong></span> 
     </span>
     <span class='ocr_line' id='line_1_50' title="bbox 154 5260 1913 5341; baseline -0.005 -17"><span class='ocrx_word' id='word_1_593' title='bbox 154 5261 325 5336; x_wconf 78' lang='lat' dir='ltr'><strong>saecularis,</strong></span> <span class='ocrx_word' id='word_1_594' title='bbox 337 5262 398 5322; x_wconf 89' lang='lat' dir='ltr'><strong>vita</strong></span> <span class='ocrx_word' id='word_1_595' title='bbox 411 5260 536 5321; x_wconf 77' lang='lat' dir='ltr'><strong>earnalis</strong></span> <span class='ocrx_word' id='word_1_596' title='bbox 549 5268 636 5338; x_wconf 85' lang='lat' dir='ltr'><strong>atque</strong></span> <span class='ocrx_word' id='word_1_597' title='bbox 647 5267 769 5333; x_wconf 88' lang='lat' dir='ltr'><strong>terrena,</strong></span> <span class='ocrx_word' id='word_1_598' title='bbox 783 5261 907 5338; x_wconf 89' lang='lat' dir='ltr'><strong>incujus</strong></span> <span class='ocrx_word' id='word_1_599' title='bbox 921 5260 1021 5321; x_wconf 90' lang='lat' dir='ltr'><strong>miseri</strong></span> <span class='ocrx_word' id='word_1_600' title='bbox 1062 5269 1190 5337; x_wconf 88' lang='lat' dir='ltr'><strong>tempore</strong></span> <span class='ocrx_word' id='word_1_601' title='bbox 1208 5267 1236 5321; x_wconf 89' lang='lat' dir='ltr'><strong>et</strong></span> <span class='ocrx_word' id='word_1_602' title='bbox 1250 5260 1281 5321; x_wconf 91' lang='lat' dir='ltr'><strong>in</strong></span> <span class='ocrx_word' id='word_1_603' title='bbox 1297 5279 1396 5323; x_wconf 91' lang='lat' dir='ltr'><strong>amore</strong></span> <span class='ocrx_word' id='word_1_604' title='bbox 1416 5263 1495 5323; x_wconf 93' lang='lat' dir='ltr'><strong>illius</strong></span> <span class='ocrx_word' id='word_1_605' title='bbox 1507 5262 1647 5324; x_wconf 88' lang='lat' dir='ltr'><strong>delectare</strong></span> <span class='ocrx_word' id='word_1_606' title='bbox 1657 5263 1767 5341; x_wconf 72' lang='lat' dir='ltr'><strong>iugiter</strong></span> <span class='ocrx_word' id='word_1_607' title='bbox 1778 5264 1884 5337; x_wconf 73' lang='lat' dir='ltr'><strong>(ictu).</strong></span> <span class='ocrx_word' id='word_1_608' title='bbox 1899 5290 1913 5316; x_wconf 66' lang='lat' dir='ltr'><strong>a</strong></span> 
     </span>
     <span class='ocr_line' id='line_1_51' title="bbox 154 5350 1914 5431; baseline 0.002 -20"><span class='ocrx_word' id='word_1_609' title='bbox 154 5352 299 5411; x_wconf 87' lang='lat' dir='ltr'><strong>homines</strong></span> <span class='ocrx_word' id='word_1_610' title='bbox 329 5367 360 5410; x_wconf 90' lang='lat' dir='ltr'><strong>se</strong></span> <span class='ocrx_word' id='word_1_611' title='bbox 389 5350 600 5411; x_wconf 87' lang='lat' dir='ltr'><strong>oblectamenta</strong></span> <span class='ocrx_word' id='word_1_612' title='bbox 626 5350 793 5425; x_wconf 89' lang='lat' dir='ltr'><strong>projiciunt,</strong></span> <span class='ocrx_word' id='word_1_613' title='bbox 823 5351 855 5410; x_wconf 93' lang='lat' dir='ltr'><strong>in</strong></span> <span class='ocrx_word' id='word_1_614' title='bbox 878 5351 963 5426; x_wconf 87' lang='lat' dir='ltr'><strong>cujus</strong></span> <span class='ocrx_word' id='word_1_615' title='bbox 990 5366 1021 5411; x_wconf 92' lang='lat' dir='ltr'><strong>se</strong></span> <span class='ocrx_word' id='word_1_616' title='bbox 1062 5352 1138 5423; x_wconf 85' lang='lat' dir='ltr'><strong>Quid</strong></span> <span class='ocrx_word' id='word_1_617' title='bbox 1157 5369 1208 5429; x_wconf 90' lang='lat' dir='ltr'><strong>per</strong></span> <span class='ocrx_word' id='word_1_618' title='bbox 1234 5369 1361 5425; x_wconf 86' lang='lat' dir='ltr'><strong>cervam,</strong></span> <span class='ocrx_word' id='word_1_619' title='bbox 1384 5371 1452 5431; x_wconf 82' lang='lat' dir='ltr'><strong>quae</strong></span> <span class='ocrx_word' id='word_1_620' title='bbox 1467 5355 1613 5415; x_wconf 89' lang='lat' dir='ltr'><strong>montium</strong></span> <span class='ocrx_word' id='word_1_621' title='bbox 1640 5354 1716 5414; x_wconf 87' lang='lat' dir='ltr'><strong>celsa</strong></span> <span class='ocrx_word' id='word_1_622' title='bbox 1737 5355 1914 5428; x_wconf 88' lang='lat' dir='ltr'><strong>conscendit,</strong></span> 
     </span>
     <span class='ocr_line' id='line_1_52' title="bbox 153 5438 1917 5518; baseline 0.002 -18"><span class='ocrx_word' id='word_1_623' title='bbox 153 5439 289 5514; x_wconf 87' lang='lat' dir='ltr'><strong>captiosa</strong></span> <span class='ocrx_word' id='word_1_624' title='bbox 308 5438 493 5515; x_wconf 73' lang='lat' dir='ltr'><strong>iucunditate</strong></span> <span class='ocrx_word' id='word_1_625' title='bbox 505 5438 655 5500; x_wconf 84' lang='lat' dir='ltr'><strong>resolvunt</strong></span> <span class='ocrx_word' id='word_1_626' title='bbox 668 5455 700 5498; x_wconf 90' lang='lat' dir='ltr'><strong>ac</strong></span> <span class='ocrx_word' id='word_1_627' title='bbox 713 5440 886 5501; x_wconf 90' lang='lat' dir='ltr'><strong>adulterinis</strong></span> <span class='ocrx_word' id='word_1_628' title='bbox 899 5441 932 5501; x_wconf 91' lang='lat' dir='ltr'><strong>in</strong></span> <span class='ocrx_word' id='word_1_629' title='bbox 944 5455 1020 5514; x_wconf 83' lang='lat' dir='ltr'><strong>cam,</strong></span> <span class='ocrx_word' id='word_1_630' title='bbox 1062 5442 1120 5501; x_wconf 91' lang='lat' dir='ltr'><strong>nisi</strong></span> <span class='ocrx_word' id='word_1_631' title='bbox 1134 5448 1232 5501; x_wconf 90' lang='lat' dir='ltr'><strong>sancta</strong></span> <span class='ocrx_word' id='word_1_632' title='bbox 1254 5442 1423 5518; x_wconf 87' lang='lat' dir='ltr'><strong>designatur</strong></span> <span class='ocrx_word' id='word_1_633' title='bbox 1443 5442 1582 5516; x_wconf 84' lang='lat' dir='ltr'><strong>Ecclesia,</strong></span> <span class='ocrx_word' id='word_1_634' title='bbox 1598 5459 1665 5518; x_wconf 79' lang='lat' dir='ltr'><strong>quta</strong></span> <span class='ocrx_word' id='word_1_635' title='bbox 1688 5459 1750 5504; x_wconf 88' lang='lat' dir='ltr'><strong>sese</strong></span> <span class='ocrx_word' id='word_1_636' title='bbox 1772 5443 1805 5505; x_wconf 92' lang='lat' dir='ltr'><strong>iu</strong></span> <span class='ocrx_word' id='word_1_637' title='bbox 1818 5460 1917 5506; x_wconf 86' lang='lat' dir='ltr'><strong>amore</strong></span> 
     </span>
     <span class='ocr_line' id='line_1_53' title="bbox 152 5529 1917 5609; baseline 0.002 -17"><span class='ocrx_word' id='word_1_638' title='bbox 152 5533 193 5592; x_wconf 90' lang='lat' dir='ltr'><strong>ut</strong></span> <span class='ocrx_word' id='word_1_639' title='bbox 208 5531 250 5590; x_wconf 88' lang='lat' dir='ltr'><strong>ita</strong></span> <span class='ocrx_word' id='word_1_640' title='bbox 262 5529 363 5602; x_wconf 82' lang='lat' dir='ltr'><strong>fatear,</strong></span> <span class='ocrx_word' id='word_1_641' title='bbox 379 5531 567 5607; x_wconf 84' lang='lat' dir='ltr'><strong>amplexibus</strong></span> <span class='ocrx_word' id='word_1_642' title='bbox 581 5529 793 5606; x_wconf 77' lang='lat' dir='ltr'><strong>immergunt?</strong></span> <span class='ocrx_word' id='word_1_643' title='bbox 1061 5531 1187 5593; x_wconf 76' lang='lat' dir='ltr'><strong>ccelesiis</strong></span> <span class='ocrx_word' id='word_1_644' title='bbox 1210 5533 1311 5609; x_wconf 77' lang='lat' dir='ltr'><strong>patria</strong></span> <span class='ocrx_word' id='word_1_645' title='bbox 1337 5531 1470 5594; x_wconf 83' lang='lat' dir='ltr'><strong>attollit?</strong></span> <span class='ocrx_word' id='word_1_646' title='bbox 1487 5533 1563 5605; x_wconf 84' lang='lat' dir='ltr'><strong>Quid</strong></span> <span class='ocrx_word' id='word_1_647' title='bbox 1589 5549 1682 5595; x_wconf 81' lang='lat' dir='ltr'><strong>cervae</strong></span> <span class='ocrx_word' id='word_1_648' title='bbox 1705 5535 1791 5595; x_wconf 90' lang='lat' dir='ltr'><strong>istius</strong></span> <span class='ocrx_word' id='word_1_649' title='bbox 1816 5536 1917 5609; x_wconf 84' lang='lat' dir='ltr'><strong>ubera,</strong></span> 
     </span>
     <span class='ocr_line' id='line_1_54' title="bbox 503 5619 1919 5699; baseline 0.003 -19"><span class='ocrx_word' id='word_1_650' title='bbox 503 5619 626 5681; x_wconf 80' lang='lat' dir='ltr'><strong>CAPUT</strong></span> <span class='ocrx_word' id='word_1_651' title='bbox 645 5619 683 5681; x_wconf 93' lang='grc' dir='ltr'><strong>ΙΙ.</strong></span> <span class='ocrx_word' id='word_1_652' title='bbox 1062 5621 1126 5681; x_wconf 88' lang='lat' dir='ltr'><strong>nisi</strong></span> <span class='ocrx_word' id='word_1_653' title='bbox 1144 5622 1203 5683; x_wconf 87' lang='lat' dir='ltr'><strong>duo</strong></span> <span class='ocrx_word' id='word_1_654' title='bbox 1219 5621 1385 5699; x_wconf 84' lang='lat' dir='ltr'><strong>significant</strong></span> <span class='ocrx_word' id='word_1_655' title='bbox 1408 5620 1619 5684; x_wconf 82' lang='lat' dir='ltr'><strong>Testamenta?</strong></span> <span class='ocrx_word' id='word_1_656' title='bbox 1641 5622 1696 5684; x_wconf 88' lang='lat' dir='ltr'><strong>His</strong></span> <span class='ocrx_word' id='word_1_657' title='bbox 1722 5622 1862 5685; x_wconf 86' lang='lat' dir='ltr'><strong>uberibus</strong></span> <span class='ocrx_word' id='word_1_658' title='bbox 1877 5624 1919 5684; x_wconf 92' lang='lat' dir='ltr'><strong>in·</strong></span> 
     </span>
    </p>

    <p class='ocr_par' dir='ltr' id='par_1_20' title="bbox 456 5709 1918 5788">
     <span class='ocr_line' id='line_1_55' title="bbox 456 5709 1918 5788; baseline 0.002 -21"><span class='ocrx_word' id='word_1_659' title='bbox 456 5709 593 5768; x_wconf 76' lang='lat' dir='ltr'><strong>incudem</strong></span> <span class='ocrx_word' id='word_1_660' title='bbox 608 5711 734 5783; x_wconf 72' lang='lat' dir='ltr'><strong>epistola</strong></span> <span class='ocrx_word' id='word_1_661' title='bbox 1063 5709 1222 5780; x_wconf 86' lang='lat' dir='ltr'><strong>ebriemur,</strong></span> <span class='ocrx_word' id='word_1_662' title='bbox 1238 5713 1356 5774; x_wconf 89' lang='lat' dir='ltr'><strong>cumde</strong></span> <span class='ocrx_word' id='word_1_663' title='bbox 1372 5710 1631 5788; x_wconf 78' lang='lat' dir='ltr'><strong>sacrmScripturae</strong></span> <span class='ocrx_word' id='word_1_664' title='bbox 1652 5712 1771 5775; x_wconf 87' lang='lat' dir='ltr'><strong>liuentis</strong></span> <span class='ocrx_word' id='word_1_665' title='bbox 1785 5712 1918 5773; x_wconf 80' lang='lat' dir='ltr'><strong>indaudi-</strong></span> 
     </span>
    </p>

    <p class='ocr_par' dir='ltr' id='par_1_21' title="bbox 204 5799 1918 5880">
     <span class='ocr_line' id='line_1_56' title="bbox 204 5799 1918 5880; baseline -0.005 -13"><span class='ocrx_word' id='word_1_666' title='bbox 204 5804 249 5868; x_wconf 85' lang='lat' dir='ltr'><strong>ltc</strong></span> <span class='ocrx_word' id='word_1_667' title='bbox 261 5805 340 5867; x_wconf 86' lang='lat' dir='ltr'><strong>bona</strong></span> <span class='ocrx_word' id='word_1_668' title='bbox 364 5817 434 5867; x_wconf 83' lang='lat' dir='ltr'><strong>vero</strong></span> <span class='ocrx_word' id='word_1_669' title='bbox 456 5799 582 5866; x_wconf 84' lang='lat' dir='ltr'><strong>muliere</strong></span> <span class='ocrx_word' id='word_1_670' title='bbox 603 5803 672 5866; x_wconf 89' lang='lat' dir='ltr'><strong>audi</strong></span> <span class='ocrx_word' id='word_1_671' title='bbox 689 5800 763 5880; x_wconf 83' lang='lat' dir='ltr'><strong>quid</strong></span> <span class='ocrx_word' id='word_1_672' title='bbox 782 5799 862 5865; x_wconf 89' lang='lat' dir='ltr'><strong>idem</strong></span> <span class='ocrx_word' id='word_1_673' title='bbox 888 5800 1025 5866; x_wconf 74' lang='grc' dir='ltr'>ὃιιοιιιοιι</span> <span class='ocrx_word' id='word_1_674' title='bbox 1065 5813 1136 5863; x_wconf 90' lang='lat' dir='ltr'><strong>mur</strong></span> <span class='ocrx_word' id='word_1_675' title='bbox 1157 5805 1186 5863; x_wconf 88' lang='lat' dir='ltr'><strong>et</strong></span> <span class='ocrx_word' id='word_1_676' title='bbox 1199 5800 1361 5876; x_wconf 87' lang='lat' dir='ltr'><strong>spiritualis</strong></span> <span class='ocrx_word' id='word_1_677' title='bbox 1374 5801 1525 5879; x_wconf 87' lang='lat' dir='ltr'><strong>sapientiae</strong></span> <span class='ocrx_word' id='word_1_678' title='bbox 1538 5808 1641 5880; x_wconf 91' lang='lat' dir='ltr'><strong>potum</strong></span> <span class='ocrx_word' id='word_1_679' title='bbox 1658 5802 1789 5867; x_wconf 76' lang='lat' dir='ltr'><strong>utente</strong></span> <span class='ocrx_word' id='word_1_680' title='bbox 1813 5799 1918 5863; x_wconf 82' lang='lat' dir='ltr'><strong>bauri-</strong></span> 
     </span>
    </p>
   </div>
   <div class='ocr_carea' id='block_1_15' title="bbox 0 0 2026 6192">
    <p class='ocr_par' dir='ltr' id='par_1_22' title="bbox 0 0 2026 6192">
     <span class='ocr_line' id='line_1_57' title="bbox 0 0 2026 6192; baseline 0 0"><span class='ocrx_word' id='word_1_681' title='bbox 0 0 2026 6192; x_wconf 95' lang='lat' dir='ltr'><strong> </strong></span> 
     </span>
    </p>
   </div>
  </div>
 </body>
</html>
