4017 6192
211 322 263 385 522
410 373 417 386 „
441 317 471 374 S.
489 313 589 372 uultu
605 307 751 368 bullitur
770 305 845 363 buu.
856 300 974 362 uultus
989 297 1055 358 SEU
1075 295 1165 354 etus
1184 289 1217 351 ΙΙΙ
1247 323 1283 336 ·-·
1298 288 1481 351 OPUSGULA
1500 283 1617 343 vluti.
1796 283 1853 343 usu

211 433 275 505 quia
294 445 356 488 cunr
369 438 495 486 sanctum
513 427 612 489 uirum,
625 421 671 477 uui
695 419 781 490 culpae
800 418 937 472 duntaxat
959 414 1009 469 ob-
1022 419 1046 479 A
1060 414 1163 474 lronro,
1191 405 1240 463 lter
1264 405 1389 463 (lucinus
1420 400 1628 472 relinquentium
1650 412 1714 456 osae
1737 397 1853 468 inuno.

212 522 336 587 noxium,
351 529 407 576 tarn
422 514 598 573 intolerabilis
608 508 756 584 purgatorii
770 522 851 579 pteua
867 505 1005 563 corrstrin·
1094 498 1124 554 lu
1139 499 1193 554 lrac
1202 496 1285 553 ctiam
1299 508 1391 550 ercino
1405 492 1488 548 iontis
1500 489 1635 556 urebant,
1651 490 1698 546 ⁰¹³5
1717 506 1791 547 ”⁰¹¹0
1805 492 1855 548 1ιὲ-

214 611 295 674 gertr,
311 625 361 674 ιω,
372 622 424 671 rae,
438 617 499 677 quas
512 602 590 666 mibi,
602 599 725 668 meisque
737 595 875 674 similibus
896 602 939 649 est
966 591 1009 648 in·
1057 589 1135 654 lito,
1156 588 1232 660 prior
1248 586 1359 658 quidam
1385 584 1499 650 luerat,
1519 583 1629 639 nnurine
1654 581 1783 651 loannes,
1808 585 1856 654 gui

212 699 326 757 lerencla
333 696 480 761 sententia,
488 707 557 764 quos
566 701 607 747 tot
613 696 738 745 reatuum
745 681 1009 757 prolixitasgrauatl
1058 679 1139 736 lentis
1148 678 1310 750 quibusdam
1322 673 1526 734 infirmitatibus
1539 673 1701 729 macilentus
1713 673 1857 730 struebatur

507 799 625 858 cgpug
644 798 690 855 gp,
1058 783 1166 841 semper
1177 776 1206 824 ct
1219 765 1339 841 gracilis.
1351 765 1406 820 llac
1423 764 1517 833 itaque
1530 762 1572 819 sui
1586 763 1855 832 eorporisiurbecilla

216 899 294 970 Quod
306 898 356 956 Μ
366 896 459 953 gom,
469 894 545 967 Mi,
557 890 758 963 ,mmm
768 903 826 943 ω
838 888 894 944 ,m
919 884 1011 957 imi,
1060 859 1192 963 tenuitate
1201 855 1330 923 corrflsus,
1345 869 1418 958 sarpa
1437 853 1535 957 iacens
1562 854 1591 908 iu
1610 852 1683 909 lecto
1706 853 1857 960 completo-

564 962 670 1016 rrurulae.
1060 964 1132 1008 rrum
1158 947 1330 1006 decurrebat.
1353 943 1461 1002 uccrdri
1486 954 1576 1000 auteur
1611 952 1642 1000 ut
1671 945 1856 1004 daernonracus

252 1055 446 1126 Distinguenda
459 1062 523 1109 sunt
541 1067 596 1124 ego
617 1064 670 1121 per
697 1054 833 1104 momenta
859 1056 1011 1119 temporum
1059 1038 1233 1111 quidamnou
1245 1034 1467 1132 proculuabosset,
1479 1034 1525 1103 qui
1537 1033 1623 1089 multa
1642 1034 1786 1091 lrourinum
1810 1051 1855 1093 ae-

214 1146 410 1204 ecclesiasticae
419 1142 600 1201 iustitutionis
616 1140 715 1208 olllcia,
727 1149 756 1195 ct
769 1139 821 1195 sub
841 1152 939 1209 magua
966 1136 1011 1191 ui·
1061 1140 1146 1197 creta,
1158 1139 1186 1187 et
1198 1130 1331 1187 obscenos
1344 1137 1423 1185 actus
1436 1128 1580 1201 impudens
1594 1128 1760 1200 propalaret.
1775 1128 1858 1186 (unr-

218 1238 274 1294 uiui
287 1236 403 1300 timoris,
422 1250 455 1290 ac
467 1233 626 1289 reverentiae
638 1230 751 1288 dicenda
774 1237 839 1285 surrt
858 1227 1011 1298 disciplina,
1061 1234 1114 1291 oue
1126 1218 1387 1291 praelatusloauues
1408 1218 1559 1275 daeruonem
1584 1220 1662 1276 exire
1688 1220 1858 1290 praeciperet,

217 1343 254 1385 uc
272 1327 335 1382 duur
346 1325 497 1397 psallimus,
509 1323 627 1380 lructum
640 1322 752 1393 spiritus
771 1334 834 1376 curu
853 1319 944 1374 carnis
966 1318 1013 1373 de-
1061 1318 1091 1376 ei.
1111 1309 1274 1381 quibusdam
1299 1307 1445 1365 exorcismi
1469 1308 1664 1379 quaestionibus
1685 1307 1857 1380 flagellaret:

220 1417 292 1477 sidia
307 1418 482 1472 misceamus.
494 1413 563 1482 Quiri
581 1412 655 1469 enim
677 1411 800 1483 prodcst,
820 1408 937 1464 hostiam
957 1406 1013 1463 beo
1063 1397 1150 1466 Tunc.
1164 1397 1215 1466 tit,
1230 1398 1276 1455 ille
1289 1413 1328 1463 es,
1344 1398 1391 1469 qui
1407 1399 1458 1455 sub
1469 1407 1545 1455 cotto
1558 1398 1682 1470 quotidie
1709 1398 1860 1469 compicto·

218 1507 429 1571 incursatione,
451 1516 480 1562 or
500 1521 551 1577 per
572 1514 709 1575 soporem
735 1499 908 1573 negligente
930 1497 1014 1554 retis
1063 1490 1134 1545 riui·
1148 1489 1356 1556 insusurrans
1370 1489 1596 1560 mouonoquur
1611 1497 1723 1545 sunum
1743 1488 1857 1558 uicere,

60 1591 64 1596 ’
152 1665 155 1671 ,
218 1612 282 1655 sese
305 1596 516 1669 cogitationibus
540 1593 704 1664 inquinaret
728 1592 806 1647 lianc
830 1604 913 1662 porro
938 1587 1012 1656 boni,
1063 1580 1172 1652 etjuris
1184 1582 1236 1637 mei
1250 1581 1392 1637 vasculum
1403 1581 1437 1637 de
1451 1595 1512 1637 meo
1532 1580 1574 1637 ris
1586 1579 1709 1638 dominio
1721 1580 1860 1639 liberare?

225 1686 344 1757 malique
357 1684 499 1740 misturam
512 1681 587 1756 locun
600 1681 646 1737 ille
671 1680 808 1750 siguificat
830 1675 1013 1748 evangelicus,
1065 1670 1459 1739 llocaurlitmlratercrubuit,
1472 1671 1536 1741 quia
1550 1670 1590 1738 gei
1607 1670 1750 1729 ueritatem
1773 1672 1859 1729 etiarn

221 1778 268 1834 ubi
282 1776 381 1833 dicitur
392 1792 400 1829 ι
411 1773 479 1841 Quia
495 1772 610 1828 docente
625 1770 749 1835 Domino,
768 1769 884 1824 aderaut
900 1766 1011 1837 quidam
1026 1764 1049 1824 ll
1062 1782 1112 1838 per
1125 1761 1258 1821 mendacii
1272 1761 1431 1833 recognovit
1442 1769 1594 1817 arrctorenr.

223 1868 325 1941 ipsuis
341 1876 464 1936 tempore
488 1863 646 1919 nuntiantes
671 1861 709 1916 illi
734 1861 768 1917 de
793 1858 912 1916 Gallicis
936 1855 1013 1931 (tae.
1099 1853 1271 1911 uiueretiam
1291 1851 1490 1932 cremita,.grri
1513 1852 1662 1930 uocabatur
1682 1850 1802 1909 names
1826 1852 1861 1909 de

223 1944 424 2029 xru),quorum
445 1952 605 2024 sanguinein
628 1950 733 2007 Pilatus
748 1950 858 2005 miscuit
881 1963 944 2003 cum
969 1960 1016 2002 sa·
1064 1947 1148 2015 Auso,
1168 1962 1232 2004 cum
1245 1947 1282 2015 ei,
1293 1955 1322 2003 ut
1334 1945 1510 2017 egrederetur
1518 1945 1694 2003 vehementer
1706 1947 1858 2015 insisteret,

222 2047 335 2104 orificiis
349 2061 455 2103 eorum.
480 2044 548 2100 Nam
571 2044 634 2115 quia
656 2042 771 2108 Pilatus,
795 2057 829 2099 os
849 2037 1016 2096 malleatoris
1065 2050 1099 2092 ac
1127 2035 1213 2092 diuini
1236 2034 1355 2112 nominis
1384 2033 1520 2105 adjuriuru
1544 2035 1668 2091 crebrius
1691 2035 1860 2094 intentaret:

223 2138 429 2210 interpretatur,
441 2125 505 2207 quid
514 2151 565 2208 per
574 2136 658 2202 bunc,
670 2135 723 2192 nisi
735 2132 873 2191 diabolum
884 2132 1016 2188 debemus
1064 2126 1192 2197 Nunquitl
1212 2125 1425 2193 oblituses,ait,
1450 2125 1502 2182 lrac
1516 2125 1566 2182 tibi
1591 2134 1672 2183 nocte
1697 2126 1763 2197 quit
1787 2125 1863 2187 luco·

225 2231 386 2302 intelligere,
406 2229 451 2300 qul
462 2236 576 2302 paratus
590 2235 633 2283 est
654 2241 761 2298 semper
786 2225 911 2281 homiues
930 2221 1017 2279 oileu-
1065 2217 1136 2276 ritul
1151 2216 1228 2284 Nam,
1242 2218 1266 2274 si
1279 2231 1332 2273 nou
1347 2216 1460 2282 eacirllt,
1484 2225 1577 2273 certus
1592 2233 1623 2273 es
1640 2218 1705 2288 quia
1719 2219 1784 2275 dum
1809 2234 1862 2291 ogo

224 2321 332 2380 sionum
343 2321 446 2378 ictibus
468 2318 639 2375 uerberare!
655 2317 733 2374 Unde
754 2325 784 2372 et
805 2315 909 2386 uirgam
934 2326 1017 2384 super
1065 2323 1111 2365 ure
1126 2308 1155 2364 lu
1166 2308 1225 2380 apri
1239 2307 1372 2365 siluestris
1395 2305 1511 2378 augien
1524 2307 1605 2373 serti,
1621 2318 1649 2363 tu
1664 2322 1708 2365 me
1720 2309 1798 2380 quasi
1815 2325 1863 2366 ue·

224 2411 355 2472 humeros
372 2411 513 2467 lrominurn
532 2418 625 2465 tenere
639 2399 742 2466 dicitur
760 2423 809 2478 per
829 2406 1015 2477 Proplretum:
1065 2409 1145 2465 nator
1157 2399 1347 2456 insectabaris.
1362 2397 1415 2455 Sed
1429 2398 1476 2470 qui
1489 2398 1684 2470 ridebarapcr,
1695 2399 1861 2472 subitospe·

227 2520 238 2556 ι
255 2501 377 2574 lugam,
392 2501 491 2574 iuquit,
505 2499 611 2555 humeri
622 2498 682 2570 ejus
694 2496 842 2569 superasti,
852 2496 924 2553 sicut
933 2494 962 2549 in
972 2493 1017 2550 dis
1065 2495 1136 2552 cium
1150 2500 1271 2549 venustae
1283 2489 1406 2547 mulieris
1416 2489 1566 2561 assumpsi,
1578 2498 1661 2561 argus
1680 2491 1708 2545 in
1736 2491 1862 2549 osculum

225 2588 332 2646 liaffian
354 2588 423 2661 (lan.
442 2589 493 2662 aa).
512 2585 681 2657 ›Quidueru
691 2588 814 2661 sanguis,
825 2587 876 2644 nisi
890 2582 1016 2657 peccatal
1066 2594 1142 2642 tuum
1157 2599 1250 2651 ruens,
1265 2590 1296 2639 ut
1304 2596 1396 2640 semen
1411 2580 1574 2651 effunderes,
1588 2597 1650 2639 cum
1663 2581 1751 2664 gloria
1765 2584 1865 2640 trium·

225 2680 296 2750 Quid
312 2678 459 2746 sacrificia,
470 2679 524 2734 nisi
536 2686 634 2740 rectas,
648 2684 679 2733 ct
692 2676 874 2748 acceptabiles
897 2675 954 2733 lieo
979 2673 1018 2731 si·
1065 2662 1157 2748 pb'ari.
1168 2674 1236 2731 Cum
1252 2674 1345 2744 itaque
1358 2672 1491 2744 reprobus
1502 2674 1615 2744 spiritus
1625 2676 1659 2732 us
1671 2673 1757 2733 lratre
1768 2676 1860 2732 riclin-

127 2838 129 2841 .
226 2769 354 2842 gnilleant
364 2769 507 2826 actiones?
524 2767 628 2823 Pilatus
641 2781 707 2840 ergo
720 2766 893 2824 Galilaeorum
906 2767 1018 2837 sangui·
1066 2773 1167 2838 quentc
1179 2778 1229 2837 per
1240 2765 1351 2837 soporis
1364 2764 1505 2838 energiam
1527 2780 1559 2822 se
1582 2765 1715 2838 glorietur
1733 2768 1865 2826 babuisse

230 2873 294 2916 nem
306 2873 370 2913 cuna
383 2856 525 2914 sacrillciis
536 2855 656 2922 miscuit,
672 2856 738 2927 quia
753 2854 890 2927 malignus
904 2854 1018 2926 spiritus
1069 2859 1256 2932 triumphum
1272 2864 1376 2931 quanto
1394 2869 1591 2932 putamusoum
1604 2861 1727 2933 gaudere
1745 2861 1865 2934 tripudio

226 2949 270 3006 vel
281 2950 539 3006 orarionosnosrras
562 2947 655 3018 pruris
680 2945 889 3020 cogitationibus
909 2945 1017 3017 polluit,
1067 2967 1150 3022 super
1163 2950 1219 3019 lris,
1233 2948 1280 3022 qui
1295 2949 1425 3008 labuntur
1435 2951 1463 3007 ln
1479 2949 1653 3018 adulterium,
1664 2950 1706 3006 rel
1716 2951 1863 3008 incestuosi

230 3036 274 3094 sel
288 3051 370 3110 opera
386 3036 455 3093 bona
466 3035 571 3107 peccati
589 3032 733 3103 cujuslibet
741 3033 948 3090 attaminatione
955 3047 1018 3090 cor·
1075 3040 1153 3098 unde
1163 3056 1235 3112 sape
1247 3041 1319 3098 ugus
1331 3039 1504 3112 omniporeng
1518 3040 1640 3098 arabile
1653 3042 1762 3099 aarum
1776 3044 1862 3099 eriam

229 3129 340 3202 rumpit,
350 3134 381 3182 ut
402 3125 512 3200 sanguis
523 3123 689 3182 sacrificium
701 3123 820 3196 polluat;
834 3124 900 3181 dum
925 3108 1054 3180 reatusC
1069 3130 1097 3186 in
1111 3130 1163 3186 bac
1173 3126 1379 3198 ritaiurlicium,
1393 3145 1445 3188 nec
1461 3138 1551 3187 tamen
1570 3132 1662 3189 miseri
1675 3132 1799 3190 borrrines
1815 3132 1864 3191 ale-

227 3219 341 3278 uileusio
352 3218 470 3276 oblatam
484 3216 539 3272 lieo
560 3215 628 3272 recti
647 3215 739 3287 operis
761 3214 899 3272 victimam
923 3212 1017 3271 toeuat.
1068 3219 1162 3278 sinunt
1177 3218 1279 3276 iterare
1289 3219 1473 3290 plectendum.
1775 3281 1777 3284 ,

228 3307 307 3368 Unde
331 3308 542 3380 scriptumest:
559 3325 570 3361 ι
585 3305 655 3375 Quia
669 3321 731 3363 curn
744 3304 883 3363 Αιιιιιιιιιιι
898 3304 954 3361 ileu
974 3318 1019 3361 sa·
1102 3308 1171 3366 llam
1182 3308 1317 3366 liebertus
1331 3307 1470 3367 Gallorum
1485 3324 1544 3376 rex,
1557 3324 1625 3367 urus
1641 3310 1722 3368 istius
1733 3311 1862 3385 Pirilippi,

226 3399 360 3458 crillclum
375 3400 409 3456 tle
422 3397 576 3470 pecoribus,
590 3412 623 3454 ac
633 3395 790 3453 volucribus
808 3398 922 3454 munius
941 3392 1020 3452 oller
1067 3401 1114 3473 qui
1127 3401 1154 3458 in
1167 3399 1276 3474 paterni
1300 3399 1371 3470 luris
1383 3407 1491 3480 sceptra
1509 3400 1651 3468 successit,
1683 3403 1864 3476 propinquatur

229 3500 280 3557 rct,
292 3491 491 3548 descenderunt
507 3490 633 3547 volucres
647 3505 730 3562 super
751 3490 895 3556 cadauera,
915 3498 944 3546 et
960 3489 1020 3545 abl·
1068 3490 1120 3547 sibi
1132 3489 1403 3562 copularituaurom,
1419 3503 1452 3546 er
1468 3505 1522 3561 qua
1545 3491 1665 3563 suscepit
1689 3491 1787 3559 lilium,
1813 3508 1865 3548 au·

229 3582 310 3652 gebat
324 3595 371 3635 eas
389 3580 528 3636 Abrabam
554 3576 630 3651 (Gen.
653 3576 711 3651 au).
727 3596 737 3631 ι
759 3578 829 3648 Quiri
842 3579 916 3636 enlm
930 3578 1020 3649 expri-
1068 3580 1188 3637 serinuur
1205 3594 1256 3651 per
1269 3579 1360 3635 omnia
1371 3578 1481 3646 collum,
1492 3581 1777 3653 etcaputlrabcuteru.
1790 3580 1866 3651 onos

231 3683 308 3755 munt
320 3672 459 3738 uolucres,
472 3672 526 3727 nisi
538 3672 668 3744 reprobos
686 3672 799 3743 spiritus
809 3687 859 3744 per
870 3686 935 3728 acra
948 3670 1018 3729 roli-
1069 3670 1163 3738 etiarn,
1178 3670 1267 3727 uirum
1281 3669 1385 3727 scilicet
1395 3677 1423 3726 et
1433 3685 1557 3727 uxorem.
1573 3686 1669 3732 ornnes
1688 3672 1746 3729 iero
1765 3671 1866 3729 Gallia·

228 3761 572 3835 tanteslsolucresergoa
585 3762 721 3820 sacrificio
735 3773 831 3820 nostro
851 3763 1018 3835 repellimus,
1068 3773 1130 3817 rurn
1153 3759 1294 3832 episcopi,
1322 3760 1459 3817 communi
1486 3760 1568 3817 simul
1593 3764 1866 3820 excommunicarem

229 3867 291 3910 curn
299 3866 411 3924 operum
421 3861 576 3910 nostrorum
585 3851 868 3926 uictimasamaliguis
878 3852 1020 3926 spiritibus
1069 3850 1217 3907 sententia.
1227 3849 1312 3920 Cuius
1331 3850 1511 3908 sacerdotalis
1531 3850 1615 3908 erlicti
1638 3860 1729 3909 tantus
1754 3867 1864 3910 omnem

228 3960 278 4002 eas
292 3944 394 4002 loeuaro
410 3946 587 4014 coorantibus,
600 3947 712 4017 prorius
723 3948 902 4006 custodimus.
1069 3939 1190 4012 undiquc
1205 3940 1335 4012 populum
1346 3949 1436 3998 terror
1445 3941 1555 4009 inuasit,
1574 3952 1604 3998 ut
1615 3943 1650 3999 ab
1662 3944 1722 4013 ejus
1742 3944 1864 4001 uniuersi

264 4033 335 4091 idern
348 4050 425 4102 sane,
440 4050 520 4107 quern
536 4036 883 4107 murmurabundus,
911 4037 976 4095 dum
990 4039 1020 4095 in
1069 4030 1201 4087 ιθθὶθῑιῑθ
1213 4031 1383 4096 recederent,
1399 4045 1450 4087 ¹¹0⁰
1464 4039 1565 4100 liraelet
1583 4031 1714 4089 dutitibi
1739 4032 1865 4091 tunultu

230 4123 487 4197 conuiuarum
499 4126 565 4182 mrsu
585 4126 726 4183 caninum
744 4127 1020 4197 rnoeuenrzfflrnuoc,
1070 4119 1105 4175 at
1117 4117 1267 4176 ueoessarii
1279 4117 1538 4191 nemonnquum
1557 4132 1748 4178 remanerent:
1763 4123 1810 4195 ati
1825 4132 1868 4177 ιι·

230 4219 329 4290 iuquit,
345 4216 405 4274 loco
416 4232 465 4288 per
478 4233 558 4289 quem
570 4233 643 4275 nunc
653 4219 796 4275 transitum
811 4220 955 4287 habemus,
968 4220 1021 4277 ali·
1070 4225 1133 4268 ¹¹¹⁰ss
1148 4220 1177 4267 θῑ
1190 4211 1242 4282 ipsi
1252 4211 1343 4268 ⁰¹¹¹¹¹l³
1357 4226 1435 4278 llil·
1458 4212 1484 4268 5¹¹
1499 4213 1599 4284 quibui
1622 4226 1670 4268 Μ
1685 4213 1795 4279 edulii·
1822 4214 1868 4270 vel

231 4307 296 4378 qoru
309 4307 433 4377 contigit,
446 4307 518 4378 quot
530 4308 552 4362 st
563 4307 690 4374 uicinos,
705 4322 758 4364 non
769 4308 876 4365 irueror
890 4312 1019 4368 otiosum.
1071 4300 1198 4365 brunon,
1223 4311 1352 4374 percepto
1378 4303 1459 4370 erbo,
1483 4304 1677 4360 abominabilia
1697 4304 1865 4377 trutinantes.

231 4395 327 4450 Frater
336 4395 445 4465 quidam
460 4396 547 4451 riustri
570 4396 687 4452 coenobii
709 4395 794 4468 (bauti
816 4396 927 4454 dubium
954 4401 1021 4469 quin
1072 4398 1199 4469 pabulum
1212 4397 1321 4469 ignibus
1332 4397 1507 4455 exhibebant.
1533 4397 1581 4454 llis
1595 4400 1703 4454 tanrlern
1729 4413 1778 4454 rex
1799 4414 1866 4454 cua-

232 4486 489 4560 Clnniaoensislpiae
515 4487 625 4554 mentis,
648 4495 677 4543 ct
702 4497 784 4543 recte
805 4492 1021 4550 conuersationis
1033 4456 1332 4562 ”nasamonium
1348 4503 1443 4545 sanum
1455 4488 1599 4546 consilium
1613 4490 1733 4559 rediens,
1755 4490 1867 4548 divertit

232 4579 283 4645 uir,
297 4578 360 4634 irinc
370 4578 515 4649 aliquando
529 4577 678 4646 transibat;
689 4588 718 4637 et
738 4593 803 4637 ecce
816 4581 932 4639 crinitus
954 4584 1023 4656 qui·
1071 4580 1217 4648 incestum,
1231 4580 1345 4652 iniitque
1356 4579 1443 4652 legale
1453 4579 1629 4638 connubium.

233 4669 305 4734 dam,
320 4669 397 4740 quasi
411 4683 445 4724 ex
458 4667 704 4742 Hierosolymitana
726 4671 948 4741 peregrinatione
972 4674 1021 4732 dc-
1371 4669 1486 4728 curtii
1503 4670 1560 4728 vll.

233 4762 354 4830 ueniens,
367 4762 484 4833 palmam
498 4759 604 4816 lercbat
616 4759 643 4815 in
655 4775 747 4814 rnauu.
760 4759 882 4832 eampis
896 4762 1021 4834 peregri·
1142 4759 1220 4827 Quot
1238 4776 1291 4816 non
1308 4770 1368 4816 aunt
1383 4768 1538 4816 conmotus
1551 4760 1679 4818 uuanda
1687 4777 1794 4818 uorsa.

194 4877 202 4884 ·
235 4845 297 4925 r'urs,
312 4863 341 4913 et
362 4855 510 4911 monachus
536 4851 653 4909 insicern
679 4851 753 4908 obuii
779 4866 839 4909 sese
859 4852 1021 4911 altrinsecus
1089 4849 1162 4914 jSecl
1179 4849 1281 4909 et0tto
1304 4865 1352 4908 rea
1380 4849 1602 4919 Teutonicomur,
1624 4852 1672 4925 gui
1694 4854 1866 4925 postmodum

233 4944 504 5016 pertrarrsiissent.ait
517 4943 562 4999 illc
580 4961 587 4997 :
603 4940 815 5013 uomplorouun
828 4943 856 4999 in
869 4943 949 5011 lecto,
970 4960 1023 5001 nec
1075 4942 1223 5013 imperator
1235 4951 1345 4998 creatus
1358 4952 1401 4998 cst
1415 4941 1608 5008 Romanorum,
1625 4942 1784 5001 Alalaidcm
1808 4944 1864 5001 tta-

233 5031 308 5089 salus
317 5040 368 5097 cst,
384 5047 434 5087 nec
444 5031 590 5102 proiectus.
607 5029 684 5099 Qnorl
697 5031 783 5088 irater
796 5032 921 5099 audiens,
936 5035 1022 5091 almi·
1074 5031 1117 5088 liae
1129 5031 1263 5104 reginam,
1280 5048 1342 5103 quac
1367 5032 1419 5089 sibi
1438 5042 1589 5089 commater
1608 5032 1692 5106 508
1710 5033 1866 5104 euutuat,

234 5129 311 5176 ratus
337 5120 464 5193 expavit,
487 5136 520 5177 ac
547 5129 656 5192 repente
671 5129 732 5192 post
753 5130 828 5194 terga
854 5122 1022 5194 respiciens,
1075 5123 1193 5192 suscepit
1203 5123 1230 5177 in
1244 5120 1396 5196 conjugem.
1418 5121 1503 5191 Quem
1530 5122 1602 5180 lilius
1626 5122 1684 5192 ejus
1704 5123 1866 5190 tuaitons.

234 5227 296 5269 cum
311 5212 402 5268 viuere
414 5227 466 5266 uon
481 5211 671 5286 purnium
685 5211 744 5268 llos
760 5214 834 5268 enim
857 5220 888 5267 ut
911 5213 1022 5270 uerbum
1075 5212 1121 5282 qui
1133 5211 1294 5283 llagrrntinae
1315 5212 1478 5283 presidebat
1504 5221 1598 5283 pastor
1621 5212 1762 5281 Ecclesiam
1782 5215 1867 5286 ompit

234 5305 356 5375 protulit,
372 5303 483 5359 omnino
493 5304 634 5373 disparuit.
649 5301 695 5358 lllc
708 5317 773 5357 vcro
784 5302 818 5358 aul
828 5301 1024 5358 conscientiam
1075 5312 1233 5358 constanter
1247 5315 1373 5375 arguere,
1387 5311 1416 5358 et
1426 5302 1570 5357 scelestum
1582 5302 1756 5375 luridumque
1768 5302 1866 5373 conju·

236 5409 299 5449 mox
314 5408 440 5450 reversus
453 5392 567 5458 inuenit,
580 5391 645 5462 quia
667 5391 793 5462 pridiano
804 5405 918 5462 vespero
935 5390 1025 5449 lassus
1073 5392 1146 5462 giurn
1159 5390 1266 5463 publice
1282 5392 1472 5448 condemnare.
1488 5390 1571 5448 Pater
1587 5402 1679 5448 autem
1690 5393 1867 5450 veliementer

193 5511 196 5517 -
236 5481 469 5548 deviarerlierat,
495 5489 523 5537 et
539 5479 610 5536 icssa
633 5480 659 5535 in
675 5477 802 5535 lectulum
821 5479 941 5535 membra
963 5495 1027 5551 pro·
1074 5484 1171 5548 iratus,
1186 5483 1605 5555 curncomprebenrliprcccpit,
1620 5484 1867 5561 etcarccraliruoa

238 5570 354 5641 liciens,
384 5571 500 5642 jacenrlo
535 5570 681 5627 canonicas
714 5569 796 5625 boras
830 5568 1023 5641 compleuerat.
1074 5574 1203 5631 custodire
1216 5573 1396 5644 manciparit;
1413 5588 1496 5645 quom
1508 5573 1664 5646 peraualo
1677 5574 1787 5631 circiter
1806 5589 1868 5646 spa·

238 5661 334 5721 Utrum
345 5663 389 5720 ille
400 5664 511 5736 augelus
521 5663 614 5729 luerit,
625 5678 659 5718 an
669 5675 775 5728 reuera,
787 5661 857 5717 sicut
870 5660 1023 5731 ridebatur,
1076 5663 1143 5719 tium
1153 5676 1248 5720 carcer
1266 5662 1386 5733 inclusit,
1397 5662 1446 5730 scd
1456 5678 1473 5718 a
1484 5664 1657 5724 carnotibus
1671 5663 1792 5744 linguam
1815 5673 1869 5720 ter.-
