4017 6192
228 396 277 456 721
526 365 535 382 ο
598 400 719 461 OPUSC.
740 404 833 461 xllx.
853 436 889 447 --
909 406 951 460 bb
970 405 1150 462 vduvdcvh
1173 406 1325 463 tlovnttttl
1344 407 1488 463 invonit.
1814 407 1868 464 tiit

228 529 279 581 gua
293 520 340 567 tua
353 510 442 584 (Cant.
456 511 504 581 rr).
521 529 531 564 ι
557 512 591 569 Et
608 514 707 571 iterum
722 533 729 570 :
745 535 754 568 r
773 516 845 573 Fons
867 516 1020 579 hortorum,
1036 522 1060 580 Α
1075 521 1246 586 prudentiam
1271 528 1345 577 tuam
1369 521 1468 593 dirigo,
1484 534 1583 592 rogans
1596 527 1626 574 nt
1642 519 1715 574 illam
1738 532 1792 575 non
1806 535 1872 592 per·

230 611 328 670 puteus
346 616 482 670 aquarum
502 602 668 671 viventium,
689 620 749 676 grta:
767 607 853 665 ileum
873 609 975 682 impetu
989 608 1024 664 de
1075 612 1211 679 narratoria
1232 613 1377 671 celeritate
1402 622 1587 677 transcurras,
1611 611 1659 666 sed
1684 610 1828 685 vigilanter
1841 610 1869 667 in

229 687 488 761 Ummidii-b·
805 768 810 778 ¹
875 768 879 778 ⁴
1075 692 1186 774 carptae
1204 703 1333 760 momenti
1352 711 1416 760 sunt
1434 703 1569 758 delendas.
1593 701 1771 771 Omnipotens
1785 701 1870 768 Deus,

242 779 304 834 be
333 781 517 863 pretiosarum
544 798 610 841 voro
635 786 752 842 vestium
785 788 915 855 vanitate,
945 788 1025 857 enjus
1075 795 1254 852 dilectissime
1274 793 1370 861 irater,
1384 790 1507 851 carnatis·
1523 808 1620 849 sensns
1641 793 1667 848 in
1681 806 1706 849 te
1720 793 1870 851 rireseva·

231 869 327 925 nrorbo
348 869 449 949 diceris
470 872 606 939 laborare,
632 889 685 949 nou
707 876 818 945 scribo,
836 876 899 953 quia
923 876 1025 949 stylum
1076 894 1150 953 euet,
1166 895 1194 943 et
1209 894 1329 942 mentem
1347 894 1423 942 tuam
1445 886 1473 941 in
1493 878 1642 956 spiritualis
1661 884 1790 942 desiderii
1807 884 1871 943 soli·

231 963 302 1021 ultra
324 963 486 1046 producere,
505 967 577 1025 sicud
596 966 655 1039 ipse
667 968 824 1051 perpendis,
838 969 932 1027 charta
954 970 1025 1026 defi·
1076 977 1162 1034 ditato
1178 970 1331 1033 oonllrmet.

230 1055 332 1121 ciente,
346 1069 401 1117 non
414 1054 505 1113 valeo.
523 1057 565 1113 hd
578 1059 721 1128 epistolam
735 1075 804 1133 ergo
814 1075 896 1131 quam
914 1077 1025 1117 venera·
1076 1126 1080 1131 ,
1244 1070 1286 1126 sir
1305 1085 1398 1123 nonum
1414 1068 1520 1123 Domini
1537 1066 1711 1123 bisintinum.

230 1144 276 1201 bili
291 1144 383 1202 abbati
399 1154 446 1205 too
458 1146 599 1205 bainardo
611 1164 693 1222 suuper
708 1152 760 1209 boe
779 1153 898 1225 themate
917 1153 1024 1223 scripsi.
1719 1166 1723 1171 ’

288 1286 291 1295 Α
306 1290 309 1297 4
392 1286 395 1297 l
446 1294 448 1299 .
598 1302 602 1313 q

243 1304 1866 1344 m-mm

290 1427 482 1567 ,⁷⁵⁵'⁷⁵⁰
508 1448 902 1561 OPUSCULUM
936 1448 1508 1578 ebibenduslntbot
1543 1456 1797 1564 NONUM.

575 1641 577 1647 ’
630 1655 684 1718 uti
705 1650 915 1721 subvecta
929 1656 1118 1720 honneni
1145 1656 1465 1721 tnvountnvtertlr.

895 1808 1205 1857 ...ι’-..ιη-

231 1905 430 1961 hnemsnruu.
442 1932 478 1945 -
489 1900 607 1959 Sanetus
619 1901 715 1959 doctor
729 1901 854 1959 fratrueli
870 1916 921 1959 suo
938 1901 1076 1961 classensi
1098 1903 1232 1960 monacho
1246 1903 1360 1962 salutem
1374 1906 1450 1972 dicit,
1464 1921 1582 1978 enmqrre
1596 1908 1727 1968 aduersus
1741 1910 1872 1971 daemoms

268 1973 379 2030 insidias
392 1972 558 2028 salutaribus
571 1982 660 2028 armat
675 1973 797 2029 monitis.
814 1973 941 2030 Omnium
956 1973 1075 2044 primum
1101 1982 1194 2029 mouet
1208 1981 1237 2028 ut
1251 1977 1376 2046 eorporis
1389 1978 1416 2032 in
1430 1992 1464 2033 eo
1479 1980 1634 2046 mumlities,
1650 1985 1828 2052 temperantia
1843 1985 1872 2041 in

267 2044 350 2108 victu,
365 2043 497 2113 orationis
509 2043 638 2107 studium,
651 2043 735 2098 animi
749 2042 888 2109 demissio,
902 2043 1065 2099 obedientiae
1078 2043 1165 2098 virtus
1179 2044 1292 2101 eniteat.
1317 2047 1420 2102 Deinde
1442 2056 1520 2121 regat
1534 2049 1694 2115 muliebrem
1716 2054 1872 2123 convictum

265 2115 360 2181 evitet,
383 2112 517 2183 nullisque
535 2114 680 2169 verborum
695 2111 765 2168 lueis
781 2115 809 2168 in
822 2114 1060 2185 congressionibus
1073 2122 1181 2169 utatur.
1208 2115 1309 2170 lterum
1323 2126 1385 2171 orat
1398 2114 1520 2173 allininni
1533 2134 1657 2177 aurorem
1670 2123 1875 2194 restringamus

268 2197 367 2239 munus
381 2182 491 2253 aliquod
508 2182 629 2249 ambiat,
647 2184 682 2239 de
696 2183 811 2239 aliorum
834 2182 907 2238 lama
923 2198 958 2240 ne
976 2184 1113 2247 detrahat,
1128 2199 1177 2254 per
1191 2186 1278 2241 morbi
1293 2186 1496 2244 simulationem
1516 2190 1564 2244 sui
1577 2191 1712 2247 rationem
1726 2192 1819 2250 haberi
1839 2209 1875 2250 no

267 2251 368 2324 cupiat.
378 2251 528 2310 ‘Postremo
542 2253 580 2335 illi
592 2254 737 2336 suadesne
750 2253 977 2324 reprehensiones
995 2255 1030 2309 ad
1045 2269 1137 2311 aures·
1154 2254 1290 2321 adruittat,
1305 2256 1399 2326 lapsus
1412 2267 1552 2330 agnoscat,
1565 2273 1722 2334 paucosque
1740 2279 1756 2320 e
1770 2265 1873 2331 nrultis,

267 2337 369 2395 eosque
382 2333 512 2393 spectatae
527 2332 635 2389 virtutis
652 2334 783 2380 rrurtetur.

266 2416 376 2475 Persius
389 2427 518 2489 peccator
535 2420 684 2477 monachus
697 2418 806 2479 Mserno
820 2420 934 2490 puerulo
947 2420 1021 2477 salu·
1038 2422 1061 2483 Β
1387 2419 1501 2479 cheul
1521 2420 1553 2477 tl.

232 2519 288 2568 tom
304 2510 333 2566 in
345 2511 478 2569 Domino,
1169 2509 1247 2578 Quod
1265 2511 1396 2568 sobrietas
1416 2523 1455 2568 est
1474 2514 1603 2570 castitatis
1621 2515 1785 2584 presidium.

491 2602 605 2660 CAPUT
626 2600 772 2659 PlllllUll.
1114 2599 1159 2658 sn
1170 2617 1236 2672 ergo
1252 2602 1299 2658 tibi
1314 2604 1427 2661 castium
1443 2618 1553 2675 semper
1569 2605 1596 2661 in
1611 2620 1738 2678 corpore,
1753 2607 1789 2663 sit
1802 2622 1875 2666 serm

327 2695 395 2763 Qsoe
411 2711 476 2751 raro
491 2694 596 2751 tumdoe
610 2694 874 2771 cronodromonis
891 2695 934 2751 ait.
1078 2706 1129 2762 per
1142 2692 1170 2748 in
1185 2702 1292 2760 uterum
1316 2704 1451 2764 quatenus
1468 2696 1507 2753 sie
1520 2686 1575 2751 lilia
1591 2697 1876 2769 indisciplinatemar-

269 2787 357 2844 liudis
376 2789 429 2845 tiro
441 2786 522 2843 larile
541 2787 570 2843 in
583 2786 672 2864 prima
684 2787 747 2851 belli
762 2788 954 2859 mogressione
966 2802 1027 2859 pro·
1079 2785 1122 2842 nis
1147 2784 1221 2842 velot
1245 2798 1366 2843 exaratae
1394 2796 1476 2844 terrae
1504 2789 1611 2845 cultnra
1639 2791 1822 2862 candescant,
1844 2798 1878 2850 ut

172 2936 174 2939 ,
234 2879 375 2944 munitur,
386 2878 450 2944 nisi,
469 2878 592 2934 adhibito
606 2878 683 2949 prius
696 2879 910 2949 campidoctoris
927 2877 1028 2945 eiluein,
1080 2879 1157 2935 radix
1172 2894 1282 2951 garoque
1302 2879 1330 2935 in
1349 2882 1392 2936 sui
1407 2880 1507 2938 viroris
1523 2882 1611 2953 gratia
1635 2882 1792 2941 inconvulsa
1810 2899 1874 2956 per-

235 2971 391 3043 diligentius
414 2969 586 3027 triennum.
601 2970 643 3026 'l'u
658 2973 822 3043 amormuni
836 2987 923 3043 nuper
946 2973 973 3027 in
988 2973 1029 3028 di·
1080 2979 1203 3025 maneat.
1227 2969 1325 3026 Carnis
1349 2971 1442 3027 titillat
1466 2972 1606 3042 illecebra,
1619 2985 1735 3047 surgunt
1755 2975 1876 3034 libidinis

234 3063 305 3117 vine
322 3062 425 3117 utilitia
443 3070 613 3117 sacramenta
630 3060 743 3130 iurasti,
757 3062 805 3132 qui
820 3062 848 3118 in
860 3061 1029 3133 protessinnn
1054 3122 1059 3131 1
1082 3052 1232 3122 incentiva,
1245 3055 1279 3112 ad
1295 3056 1445 3127 apostolica
1458 3074 1521 3114 mos
1543 3061 1594 3116 tela
1608 3063 1752 3132 prosiliens
1763 3065 1876 3140 (Epium.

235 3152 324 3206 uncti
346 3150 478 3222 propositi
500 3150 574 3207 iuter
594 3151 714 3221 pueriles
728 3150 786 3207 alas
802 3166 902 3209 nomer
919 3152 1029 3218 dedisti,
1083 3147 1132 3215 vt).
1158 3148 1347 3219 evangelicum
1375 3163 1486 3220 quoque
1520 3152 1641 3221 gladium
1667 3155 1784 3214 bellator
1817 3161 1876 3216 ler-

234 3242 308 3299 inter
322 3243 380 3313 ipsa
394 3250 547 3300 castrorum
565 3241 747 3313 spiritualium
763 3242 914 3301 rudimenta
929 3257 1030 3314 eogno-
1082 3240 1162 3296 virius
1174 3242 1281 3311 arripe3
1297 3248 1325 3296 et
1339 3238 1488 3298 frementes
1503 3255 1607 3298 mneos
1619 3242 1794 3314 hostiumque
1814 3243 1877 3298 bar·

236 3334 322 3390 sceris
334 3341 411 3391 tanto
422 3333 584 3404 propensius
597 3332 763 3391 salutaribus
773 3333 883 3407 monitis
895 3331 1030 3405 indigere.
1081 3329 1198 3396 bariesu,
1224 3331 1295 3386 duce
1313 3329 1443 3398 Christo,
1469 3327 1550 3387 laeile
1575 3332 1677 3402 poteris
1700 3330 1876 3389 obtruncare.

220 3416 339 3492 ¹quanm
352 3437 408 3478 non
423 3431 574 3491 terrenam,
588 3424 638 3479 scd
650 3421 772 3483 divinam
793 3422 885 3494 potius
902 3423 1029 3481 militiam
1084 3421 1173 3479 Unum
1188 3430 1230 3478 est
1244 3430 1275 3478 ut
1289 3421 1432 3479 sobrietas
1447 3422 1570 3493 quotidie
1590 3423 1639 3480 tibi
1660 3439 1754 3481 cemes
1779 3426 1816 3481 sit
1834 3425 1877 3481 in·

238 3515 354 3570 adorsus
373 3527 404 3570 es
424 3511 554 3583 baiulare.
573 3514 612 3569 lie
622 3527 676 3585 goa
693 3513 822 3573 nimirum
837 3514 904 3571 dicit
914 3514 1030 3585 Aposto·
1082 3511 1202 3578 dividua,
1218 3525 1270 3568 nee
1281 3510 1430 3583 aliquando
1452 3520 1532 3570 atuo
1544 3512 1582 3569 sit
1595 3513 1722 3586 collegio,
1736 3514 1797 3587 gula
1811 3529 1876 3585 pru-

236 3603 370 3661 lusatln
391 3618 476 3660 rame
498 3604 572 3670 euim
594 3603 780 3672 ambulantes,
803 3619 858 3662 uun
880 3606 1030 3663 secundum
1082 3601 1184 3668 rieule,
1207 3601 1324 3659 divulsa.
1343 3601 1396 3659 Ubi
1411 3603 1486 3661 enim
1509 3602 1645 3661 viseerum
1669 3603 1730 3675 pori
1751 3604 1875 3661 uberum

238 3708 350 3751 carnem
371 3694 532 3751 militamus.
556 3692 625 3751 liam
636 3710 714 3751 arma
729 3696 834 3754 militia
847 3707 959 3767 nosue,
975 3713 1030 3755 uon
1083 3694 1179 3766 repleti
1192 3704 1268 3761 sunt,
1283 3710 1363 3753 surim
1379 3695 1436 3752 illie
1447 3696 1543 3767 procul
1556 3696 1641 3754 dubio
1650 3697 1737 3754 robur
1751 3696 1803 3753 sibi
1819 3695 1878 3751 vin·

236 3784 369 3851 manlia,
382 3785 431 3841 sed
442 3785 563 3855 potentia
575 3786 632 3842 boo
643 3796 708 3844 sunt
720 3786 764 3858 (11
775 3785 839 3844 Gor.
852 3787 918 3858 ab.»
1082 3786 1156 3847 dicat
1176 3785 1286 3843 hamma
1309 3787 1441 3844 libidinis.
1465 3787 1529 3845 llaec
1553 3789 1626 3847 enim
1643 3790 1732 3862 postis
1749 3789 1878 3845 ariditate

216 3896 218 3903 ,
273 3876 459 3933 l’orroantem
472 3878 866 3950 guiaeons'anguinitatis‘mibi
880 3881 1031 3939 mesmitn·
1084 3876 1235 3947 repellitur,
1262 3884 1298 3947 et,
1320 3876 1368 3934 ubi
1395 3874 1472 3934 elteri
1498 3879 1625 3949 corbolio
1652 3879 1752 3935 hlffltlr
1771 3879 1876 3944 deficit.

242 3966 446 4039 linejungeris,
467 3967 607 4026 fratruelis
618 3970 719 4042 quippe
731 3985 773 4039 es,
788 3971 908 4028 arbitror
921 3983 974 4031 tue
988 3989 1033 4031 sa-
1083 3968 1142 4024 hae
1168 3967 1252 4023 etiarn
1274 3966 1425 4025 arescendo
1453 3967 1609 4031 marcescit·
1637 3966 1722 4025 Plane
1747 3975 1778 4023 ut
1805 3966 1877 4041 inuis

239 4055 407 4139 lutisonram
422 4050 455 4115 co
468 4058 535 4116 mihi
547 4060 727 4131 periculosius
740 4061 908 4132 impendere,
921 4078 976 4135 qno
990 4074 1033 4122 te-
1083 4073 1182 4130 aqrrae,
1203 4059 1244 4117 sic
1265 4059 1375 4115 luxuria
1388 4059 1504 4124 inimica
1525 4068 1569 4118 est
1582 4058 1689 4132 lrigori,
1714 4071 1798 4130 atqua
1815 4058 1878 4118 irloo

240 4163 305 4203 nera
320 4156 365 4204 tua
381 4148 470 4207 adhue
482 4146 669 4219 massilensi
677 4152 738 4222 opis
751 4152 854 4225 indiga,
868 4154 896 4210 id
907 4156 1042 4211 videntur·
1083 4149 1130 4205 ubi
1156 4150 1302 4220 genuinum
1330 4149 1422 4206 carnis
1451 4149 1576 4207 ardorem
1604 4136 1729 4207 ciborum
1757 4149 1878 4208 lementa

240 4248 268 4292 et
286 4254 322 4295 ex
336 4239 427 4297 debito
452 4254 560 4311 quoqne
582 4242 792 4313 propinquitatis
815 4243 936 4316 exigere.
961 4243 1031 4301 bians
1082 4238 1248 4303 destituere,
1271 4237 1364 4295 lervor
1383 4252 1494 4310 qnoque
1508 4238 1623 4295 luxurie
1643 4254 1757 4297 necesse
1773 4249 1815 4297 cst
1828 4255 1877 4296 ex-

238 4344 300 4386 com
309 4331 453 4402 spostolus
464 4322 576 4390 censeat
589 4348 652 4390 eum
668 4335 715 4405 qui
729 4333 764 4391 ad
776 4335 948 4407 episcopatus
969 4337 1029 4409 api·
1081 4331 1245 4402 stinguamr.
1258 4329 1401 4403 lloloergo
1414 4332 1485 4388 olbis
1497 4331 1659 4390 lautioribus
1669 4332 1757 4388 inhies
1770 4350 1779 4390 z
1793 4331 1876 4404 757

240 4437 300 4478 nem
312 4431 498 4491 promovetur,
519 4423 590 4480 ilios
601 4424 703 4482 habere
718 4425 820 4483 dehere
829 4427 953 4485 subditos
968 4442 1030 4485 mm
1080 4421 1144 4478 nolo
1156 4423 1220 4479 vion
1239 4419 1383 4480 affluenter
1408 4422 1558 4495 indulgeas,
1579 4422 1638 4480 sive
1653 4423 1762 4496 deeius
1773 4423 1884 4480 coloris.

239 4513 312 4566 errrui
323 4512 448 4568 castitate
456 4511 483 4585 (l
493 4502 626 4585 Timui),
637 4523 720 4585 atnoe
731 4515 758 4571 ln
768 4517 891 4587 catalogo
900 4515 1042 4575 virtutum
1082 4511 1222 4582 saporisve
1243 4510 1375 4569 distantia
1399 4511 1544 4583 aliquando
1556 4512 1696 4584 disputare
1717 4528 1875 4585 presumas.

239 4606 399 4669 sacerdotis,
413 4605 496 4660 etiam
510 4604 625 4661 liliorum
634 4598 794 4676 pudicitiam
804 4616 833 4664 et
848 4608 1032 4666 obedientiam
1082 4601 1331 4673 flociclllliilliilli
1341 4604 1603 4675 mmmmm,
1614 4604 1679 4660 illud
1689 4606 1878 4665 liudewito)

238 4703 338 4775 ponam
350 4704 378 4751 tu
391 4696 468 4761 mibi,
480 4695 544 4753 lieet
553 4683 607 4754 non
617 4698 656 4754 sis
669 4698 750 4765 lilius,
761 4713 776 4752 a
788 4713 848 4755 mea
862 4708 952 4755 tamen
965 4715 1030 4755 eura
1081 4694 1229 4753 debilitatis
1235 4693 1443 4761 eneruat;istud
1454 4695 1653 4765 porrothasiam
1661 4696 1822 4762 rubet,illud
1828 4712 1877 4754 aa·

239 4804 292 4845 non
304 4790 544 4861 merimjndinarin
558 4774 717 4860 erinnem,
729 4793 774 4850 nni
787 4807 916 4864 germana
930 4794 1032 4849 videris
1083 4797 1139 4843 tem
1150 4800 1235 4843 aureo
1248 4785 1658 4854 llareotidisdeeorellavescit3
1669 4787 1876 4857 prohibeturle·

240 4881 371 4940 affinitate
393 4868 746 4961 pmpioguusrprmsertim
769 4873 832 4941 cum
856 4895 884 4941 et
906 4886 964 4957 ipsc
981 4886 1030 4941 tibi
1082 4880 1305 4947 ctio;nauseanti
1316 4893 1401 4950 vappa
1409 4878 1630 4949 est;baptlsmus
1640 4878 1876 4950 irrepsitresspe-

239 4960 429 5033 monachicum
453 4962 613 5032 tradiderint
636 4970 769 5040 habitum,
789 4991 842 5032 non
865 4976 925 5031 sine
947 4970 1030 5031 eausa
1081 4968 1153 5024 orari
1168 4969 1277 5041 quidem
1293 4968 1531 5034 sinumsedbuie
1540 4984 1618 5039 ³¹1⁰ae
1628 4969 1804 5041 perexiguum
1819 4970 1877 5025 tini
1903 4958 1910 4965 ⁹

219 5080 284 5133 ‚mo
300 5066 333 5119 ‘a
362 5065 607 5124 consultationibus
633 5067 686 5123 tuis
707 5064 837 5127 ¹dilliteor
865 5065 1028 5122 absolutum.
1082 5063 1190 5120 videtur
1211 5063 1372 5131 adsrristum3
1391 5062 1455 5119 huic
1472 5077 1538 5120 sane
1551 5063 1614 5120 virm
1628 5062 1748 5119 honinem
1766 5062 1875 5132 qtridem

239 5154 332 5214 brino
349 5159 481 5225 ommam,
497 5156 673 5215 dilectissime
688 5156 738 5225 ott,
752 5159 907 5239 marturan
921 5172 1031 5214 sonare
1047 5151 1146 5243 „ritis
1155 5151 1301 5224 plurinum
1312 5152 1442 5219 moinus,
1457 5154 1506 5218 sod
1530 5152 1650 5209 Rharion
1680 5152 1875 5222 pmponoonn

238 5242 362 5317 rigbsntl
384 5246 496 5305 solertia
511 5256 621 5320 satage,
637 5255 666 5303 et
680 5263 763 5305 omne
776 5246 881 5305 crimen
895 5245 1029 5304 lethllerre
1083 5258 1213 5317 superare
1228 5244 1376 5302 mrrmndit.
1392 5244 1452 5301 Noli
1465 5245 1660 5315 itaqueeallere
1670 5243 1735 5314 quiid
1749 5241 1875 5316 lingitis,

238 5332 397 5408 pollutionis
418 5337 588 5404 excludent
610 5336 693 5399 scias,
705 5337 784 5410 juxta
794 5336 967 5408 Apostolum,
980 5353 1031 5394 vas
1082 5336 1147 5407 qnid
1162 5336 1267 5393 llbodia
1279 5337 1381 5408 sapiat;
1397 5346 1488 5407 nuem—
1507 5336 1653 5393 suavitatis
1675 5351 1798 5392 acrorem
1812 5352 1875 5392 curn
1891 5396 1898 5407 J

240 5436 315 5482 tunm
327 5427 466 5499 possidere
475 5427 503 5484 iu
515 5428 729 5485 sanctificatione
738 5437 766 5485 et
776 5429 879 5485 honere
886 5427 912 5501 (l
937 5427 1028 5483 Thess.
1082 5424 1225 5499 purpureis
1240 5428 1343 5484 Preciis
1356 5426 1528 5498 Pspthiisgue
1546 5434 1702 5497 componat
1729 5426 1876 5483 limeenirn

198 5588 203 5593 ι
240 5521 289 5589 rr).
319 5520 384 5576 llaec
408 5529 452 5576 est
473 5520 549 5577 enim
571 5521 768 5589 sanctimonia,
791 5521 851 5578 sine
875 5536 930 5592 (pua
950 5536 1030 5579 nemo
1082 5516 1174 5575 omnia
1187 5518 1257 5589 gule
1283 5516 1498 5588 philosophantis
1514 5526 1578 5574 suut
1602 5525 1813 5590 argurnmrta,et
1833 5517 1874 5573 in·

240 5611 343 5669 ridebit
356 5610 452 5667 boum
476 5606 607 5689 Servetur
622 5613 719 5669 nrunda
734 5613 858 5684 corporis
871 5613 911 5669 tui
926 5614 1028 5693 tunica,
1084 5610 1274 5684 gurgitationis
1284 5608 1472 5666 abominandas
1481 5609 1606 5667 materia.
1618 5608 1647 5665 ln
1657 5611 1797 5668 sumendis
1806 5624 1877 5679 erge

240 5710 268 5756 et
283 5702 309 5756 iu
323 5702 392 5758 tanti
405 5701 477 5773 regis
488 5702 593 5783 'nuptiis
605 5701 678 5759 nullo
691 5700 841 5774 petulantis
860 5704 972 5761 lurur'ne
987 5721 1030 5763 re·
1084 5700 1219 5757 alimentis
1235 5701 1354 5771 parcitas
1365 5700 1541 5771 asperitatem
1556 5702 1672 5773 mitiget,
1686 5703 1877 5774 vulgaritatem

240 5793 362 5865 periatur
373 5792 500 5865 squalore
515 5791 626 5850 loedsta.
902 5788 905 5794 ’
1086 5798 1214 5856 delibatio
1224 5797 1358 5869 mstigan
1368 5795 1551 5855 commendet.
1565 5796 1619 5854 Nee
1632 5796 1731 5854 sufficit
1742 5797 1768 5850 in
1795 5807 1873 5848 escu-
