4017 6192
221 308 272 368 tta

322 414 650 511 aliqueparsipeuditrrr3·

321 522 437 582 Odiosus
450 538 505 593 cst.
514 530 537 585 si
548 529 675 599 lervcns3

320 612 355 669 Et
364 616 433 681 ritis,
447 619 470 673 si
482 620 599 690 tepidus.

355 712 431 769 Valet
442 715 532 770 forsan
544 717 688 773 crucudars

300 832 305 841 .
317 800 413 870 Facta,
426 804 449 859 si
463 805 516 860 sint
527 804 614 873 louia;

317 890 351 945 lit
362 907 422 961 qum
433 894 499 948 duas
508 902 613 951 tantum
626 908 739 954 poscam

307 979 354 1037 Vel
366 998 447 1038 uriam
462 985 584 1053 veniam3

313 1070 442 1129 Graviora
454 1089 514 1145 qum
527 1084 590 1131 sunt
603 1074 687 1134 abbas

312 1161 471 1232 Supprimit,
489 1181 524 1221 ne
536 1175 639 1237 pereat.

345 1252 413 1308 Nam
428 1256 451 1310 si
464 1255 526 1311 uelit
536 1256 571 1313 dc
584 1256 723 1318 immundo

309 1342 460 1414 Quidquam
474 1345 547 1419 loqui
561 1347 638 1418 ritlo,

308 1435 500 1494 lionachorum
512 1439 640 1497 intestina

293 1525 515 1597 ‘Oriturseditim

306 1614 341 1671 Et
352 1617 457 1674 occulte
470 1621 561 1676 stasim
575 1619 634 1692 cius

305 1705 586 1782 Tractutorperditio.

336 1794 391 1868 56
404 1798 433 1853 si
447 1801 609 1872 quandoque
622 1802 666 1861 vel
673 1801 791 1880 Jejoaat,

300 1883 349 1940 Vel
362 1895 435 1944 tenet
448 1890 585 1948 silentium
600 1910 608 1949 ε
625 1902 628 1911 “

304 1976 386 2032 Vauae
395 1979 467 2035 modi
479 1997 542 2037 mox
557 1983 682 2041 abbatem

297 2069 393 2125 llicuot
406 2088 467 2130 esse
477 2076 596 2132 deditum
609 2094 617 2144 3

294 2158 329 2217 Et
344 2162 368 2217 si
380 2161 506 2233 loquitur.
517 2167 560 2222 uel
572 2168 692 2238 mandat,

298 2252 378 2309 Velut
390 2254 434 2310 sur
447 2257 665 2328 reprehenditur.

328 2342 358 2400 Si
368 2360 520 2406 sermonem
536 2349 601 2409 lacit
614 2350 710 2419 abbas,

300 2434 601 2509 Deuotaturgarruluss

292 2524 327 2581 lit
337 2526 360 2582 si
374 2537 465 2585 tacens
479 2530 518 2586 nil
529 2533 651 2604 exponit,

292 2614 443 2673 Denotator
454 2619 560 2687 fatuum

288 2702 346 2760 lluc
358 2720 388 2761 sc
400 2718 486 2764 vertat
509 2708 573 2767 illuc
582 2724 688 2784 pergas,

292 2782 406 2868 Semper
415 2800 467 2854 crit
480 2802 587 2859 anxius.

320 2884 403 2953 lotos,
415 2888 492 2956 loris,
506 2892 529 2946 si
543 2893 684 2968 contingat

283 2975 412 3044 Quaslibet
422 2981 582 3050 adversitas,

283 3065 340 3123 lioc
351 3069 461 3127 incuriae
472 3072 578 3130 abbatis

280 3156 390 3215 Fratres
398 3176 494 3220 omues
509 3166 658 3237 depurants

280 3247 357 3306 lllom
369 3254 475 3323 rodunt,
490 3266 516 3313 et
526 3260 674 3330 perrodunt

282 3338 316 3394 Ei
329 3344 464 3413 appeltam
475 3347 598 3406 bestiam.

315 3430 416 3490 Donum
429 3439 556 3496 sauctasi
569 3454 623 3497 uoo
637 3456 753 3511 crescat,
869 3438 873 3443 ’

278 3520 307 3576 lu
324 3525 448 3582 abbatem
462 3529 606 3587 iouclruut:

277 3609 305 3666 Si
322 3627 437 3684 crescat,
450 3633 513 3675 mox
524 3621 651 3680 abbatem

277 3699 356 3759 Velut
371 3706 462 3766 trostcs
472 3723 616 3783 expetuut3

281 3795 316 3852 Ut
327 3798 462 3870 incudem,
475 3805 516 3861 sic
527 3807 654 3866 abbatem

272 3882 359 3941 Simul
369 3903 462 3946 omues
475 3891 585 3951 feriunt.

306 3979 328 4040 (l
343 3981 451 4037 beatium
464 3986 516 4041 tals
525 3998 614 4059 caput,

270 4064 347 4132 Quod
357 4084 372 4122 a
383 4069 512 4128 msurbris
524 4075 628 4133 roditur
641 4078 650 4132 t

268 4156 359 4213 Bonum
370 4168 473 4229 pastor,
485 4179 566 4234 quem
575 4167 724 4241 depascunt

267 4247 441 4310 sculpentes
453 4258 560 4316 ovium!

269 4338 344 4398 l‘clir
358 4355 452 4414 pater,
465 4348 582 4407 liliorum

269 4432 374 4494 llorsus
386 4440 462 4497 timet
471 4445 608 4504 omniomi

300 4526 373 4584 lstud
388 4532 487 4589 malum
497 4541 691 4598 monachorum

264 4616 338 4675 lotus
350 4621 434 4678 olibas
446 4625 553 4695 tolerat,

264 4707 441 4768 Saeculurium
450 4725 479 4771 et
492 4716 562 4775 loris

263 4797 349 4854 Simul
361 4811 452 4871 portat
464 4820 559 4872 onera,

265 4890 399 4948 doristus
412 4904 440 4950 et
454 4897 594 4975 tristatutt

260 4982 336 5048 Quod
351 4985 391 5042 sic
405 4978 641 5056 premautorunia.
728 5036 739 5047 ι

295 5076 406 5134 Noctem
422 5095 549 5153 namque,
559 5089 634 5145 curis
648 5104 774 5165 pressus,

260 5165 397 5227 verbosus
408 5171 532 5229 dimidiat
542 5215 550 5241 ,

258 5254 293 5311 Et
305 5272 442 5328 auroram,
456 5271 486 5320 ut
498 5264 625 5336 loquatur

255 5346 360 5416 Sapius
374 5352 522 5423 anticipat;

255 5436 352 5494 Totum
366 5441 438 5497 diem
450 5442 476 5500 in
487 5444 622 5518 loquendo

258 5524 432 5588 Postmodum
445 5537 594 5595 continuat.

256 5674 259 5679 ,
291 5620 355 5678 llaec
366 5632 394 5678 ct
404 5623 457 5679 alia
471 5627 601 5696 praelatus

255 5706 374 5785 Sustinet
386 5717 604 5802 quamplurima)

843 332 997 392 mosum
1016 337 1062 396 su
1079 341 1212 403 roccas
1251 314 1257 321 ’

1019 466 1045 524 Α
1158 452 1320 526 'smitam
1332 472 1399 531 loris
1413 489 1544 551 purgum,

1158 555 1233 612 lutus
1244 559 1257 613 l
1257 570 1343 618 ratres
1353 563 1495 621 vulnerant
1505 585 1515 630 3

1161 646 1202 702 llli
1212 664 1311 721 corpus
1322 668 1541 726 pmsequumur.

1158 736 1192 792 lli
1207 743 1355 798 corrodunt
1368 745 1484 804 uiscera.

1190 828 1251 898 llic,
1264 834 1573 909 praememorantur,

1153 916 1221 985 oua
1231 931 1274 976 est
1285 921 1338 979 ista
1352 926 1491 997 dignitas?

1154 1007 1230 1064 lotus
1241 1011 1327 1080 dolor,
1345 1013 1410 1072 loris
1422 1016 1515 1087 ladon

1157 1096 1227 1156 lliuc
1235 1102 1298 1161 inde
1310 1104 1462 1175 calamitas.

1149 1190 1266 1263 Corpus.
1278 1194 1376 1267 tatem,
1386 1201 1422 1258 iis
1436 1203 1516 1261 malis

1055 1292 1060 1297 ·
1149 1277 1313 1343 Perditures
1330 1289 1431 1347 aalma.

1182 1373 1249 1441 Quis
1260 1377 1400 1451 abbatum,
1412 1401 1490 1458 rogo.
1505 1388 1579 1446 ualet

1147 1460 1250 1522 Ferrco
1266 1483 1340 1526 nunc
1350 1480 1483 1545 temporo,

1146 1551 1220 1609 luter
1230 1564 1271 1611 tot
1285 1559 1458 1622 calamitates

1148 1641 1245 1714 Virgae
1256 1647 1329 1704 serre
1340 1650 1467 1709 fcrtilcs!

1144 1731 1319 1792 Praelatorum
1333 1750 1408 1798 ocrte
1419 1746 1500 1802 modo

997 1809 1023 1871 1³
1140 1810 1211 1879 Sum
1222 1825 1339 1886 honores
1351 1834 1468 1893 steriles.

1168 1913 1224 1987 ⁸llis
1237 1917 1395 1989 honoribus,
1411 1927 1524 1987 audam

1139 2003 1300 2078 Veneraudi,
1314 2014 1423 2085 cerium

1134 2094 1223 2153 Grave
1235 2103 1341 2170 pondus
1353 2115 1381 2161 ct
1390 2107 1471 2166 iuaue

1135 2180 1276 2254 Ultmjam
1291 2190 1417 2264 abjiciam

1133 2273 1168 2329 Et
1177 2276 1209 2332 de
1221 2289 1320 2337 cetero
1333 2285 1420 2357 quial

1131 2365 1172 2420 le
1185 2370 1274 2425 securi
1285 2372 1377 2430 uisite.

1025 2470 1079 2544 57
1098 2472 1223 2535 ΰΰΧΧΙΙ.
1243 2481 1282 2537 Dr
1301 2476 1422 2545 amasias
1441 2495 1707 2559 ordbriioaomaims
1729 2504 1816 2563 lomi·

1131 2562 1194 2603 uum
1207 2551 1235 2606 io
1246 2552 1296 2609 doc
1309 2559 1406 2614 soecaio
1421 2562 1558 2621 sitentium
1570 2572 1687 2631 ulrico.

1190 2650 1339 2742 ‘Episcopi
1351 2678 1496 2748 attendite,

1040 2820 1050 2825 ,
1164 2754 1213 2812 liei
1226 2761 1309 2816 uerba
1324 2764 1483 2830 discernite:

1162 2843 1245 2904 voro
1257 2857 1386 2927 pracepit
1402 2859 1531 2921 Dominus

1160 2932 1216 2992 Pro
1226 2942 1325 2999 vostris
1336 2947 1404 3002 mori
1416 2951 1523 3008 ovibus.

1190 3026 1220 3084 si
1233 3029 1316 3099 bona,
1333 3049 1394 3108 quse
1407 3039 1562 3113 loquimini.

1115 3190 1120 3199 .
1158 3114 1292 3188 Operibus
1305 3124 1450 3198 feceritis‚'

1158 3204 1287 3279 Exempla
1299 3214 1371 3271 bona
1384 3219 1485 3278 dabitis

1158 3293 1262 3353 vestris
1274 3302 1428 3362 commissis
1441 3308 1514 3367 tiliis.

1188 3385 1355 3460 Presbyteri,
1367 3396 1485 3469 diaconi,

1155 3474 1208 3543 Qui
1221 3477 1299 3536 lertis
1313 3498 1380 3540 uasa
1394 3487 1516 3557 Domini.

1151 3567 1245 3627 Estote
1256 3586 1365 3645 semper
1377 3579 1456 3638 nitidi

1153 3657 1183 3713 lu
1199 3675 1346 3735 conspectu
1355 3668 1499 3731 ditissimi.

1184 3752 1236 3821 Qui
1250 3758 1306 3813 vult
1317 3775 1378 3818 csse
1391 3768 1550 3838 canonicus,

1149 3838 1193 3897 Sit
1205 3843 1294 3902 bonus
1303 3857 1331 3903 et
1343 3850 1466 3923 idoneus,

1149 3926 1265 3991 obediat
1280 3938 1416 4013 episcopo,

1149 4016 1294 4082 dimotos
1307 4028 1418 4102 inclyto.

1182 4112 1226 4168 ad
1238 4120 1399 4177 matutinum
1412 4126 1513 4196 veniat,

1143 4199 1213 4259 Cum
1226 4206 1333 4278 siguum
1352 4213 1427 4271 luorae
1437 4230 1563 4289 resonam

1144 4290 1297 4369 Postposita
1309 4304 1420 4373 pigritia

1143 4379 1266 4444 Faunei
1279 4393 1313 4447 ad
1323 4393 1421 4455 officia.

1176 4474 1288 4538 Plebaui
1308 4497 1381 4544 recte
1398 4493 1510 4551 audiam

1139 4562 1217 4633 Quod
1229 4573 1315 4629 sancti
1329 4586 1421 4646 patres
1435 4581 1598 4646 comitam:
1632 4592 1635 4597 ’

1142 4651 1177 4709 Ut
1189 4660 1320 4729 acquisita
1334 4669 1434 4734 praedia

1140 4743 1303 4820 delinquant
1313 4756 1341 4810 io
1356 4758 1488 4816 Ecclesia.

1176 4836 1304 4910 magistu
1316 4845 1412 4903 doctus
1425 4849 1524 4909 litteris

1144 4924 1259 4998 flagella
1273 4931 1320 4988 det
1330 4934 1469 5008 discipulis
1483 4958 1492 4998 r

1139 5012 1184 5084 dr.
1200 5018 1271 5076 docti
1285 5023 1322 5080 ab
1334 5022 1463 5099 infantia,

1136 5105 1293 5168 lloctriuam
1303 5117 1372 5174 berre
1384 5124 1500 5194 sapiant.

1173 5198 1326 5274 Scriptores
1336 5221 1409 5266 iacta
1421 5214 1490 5271 linco

1137 5288 1253 5353 chccs
1266 5302 1387 5358 scribant
1401 5304 1517 5376 litteras,

1137 5383 1329 5446 Diaducdoncs
1340 5396 1464 5464 pmprias

1136 5473 1227 5547 Usque
1239 5479 1267 5535 io
1283 5480 1364 5538 tinem
1378 5487 1548 5558 compluant.

1172 5564 1329 5627 illitteratus
1341 5573 1457 5632 clericos

1131 5657 1249 5716 litationi
1262 5663 1380 5734 deditos,

1133 5746 1290 5820 Despiciam
1304 5760 1444 5828 mysteria,
