4017 6192
195 260 248 334 tsi

419 271 449 330 s.
468 272 570 329 cerm
589 270 730 330 ιιιιιιιιι
746 269 824 328 one.
842 257 959 330 nouus
977 268 1042 327 suu
1059 268 1148 328 nans
1167 269 1212 328 m.
1231 293 1268 314 -
1286 264 1469 325 orusoutt
1484 265 1599 321 tunru.

1782 267 1836 326 588

194 390 298 448 clinare
309 402 365 448 eon
380 397 483 459 posset.
503 386 580 444 ilaue
596 385 688 455 itaque
704 391 889 440 transeuntem
900 383 986 454 proti·
1000 397 1026 452 Α
1039 381 1095 448 illa,
1107 398 1167 454 quae
1182 381 1209 436 in
1224 380 1297 436 atrio
1309 380 1432 438 besuticte
1447 387 1502 434 tuae
1514 379 1626 450 mmor-is
1640 378 1712 436 ouda
1725 389 1757 434 ct
1780 391 1838 437 tre·

195 496 248 537 nus
263 478 403 550 inquisivit
419 495 426 531 ι
442 476 523 538 Νιιιιι.
539 474 638 544 inquit,
660 480 689 527 tu
712 482 862 528 commater
872 487 932 527 ntea
945 487 986 536 es,

196 570 313 628 llamia
327 567 465 633 videlieet,
477 581 539 635 quae
556 565 658 620 dudum
675 562 801 618 defuncta
824 563 871 618 esi
883 563 940 618 lloc
950 562 987 618 illi

195 662 355 721 recreatam
367 658 467 724 luerat,
477 657 544 714 duan
554 658 702 714 adviveret.
717 655 775 724 Qqa
789 657 987 725 respondente:

196 762 256 830 lpse
271 771 341 814 stant.
355 754 389 809 m
405 753 551 823 quomodo,
567 750 664 820 inquit,
677 751 725 804 tibi
749 764 822 805 aritae
845 748 903 803 esti
918 748 962 803 eit
979 764 986 800 :

197 849 290 920 lisque
299 846 379 901 bodie
391 859 444 899 troo
455 844 522 899 levis
539 856 583 896 tne
593 856 672 913 poena
687 840 857 904 constrinxit.
871 839 934 909 quia
947 839 991 893 vi-

1041 472 1114 528 mula
1131 470 1217 541 iacere
1235 486 1441 528 consueveram.
1457 471 1503 526 llle
1515 487 1580 527 veto
1593 488 1658 528 mox
1673 482 1703 527 ut
1718 477 1836 546 equetii,

1041 566 1085 635 pia
1104 565 1172 634 attilii
1192 565 1369 646 arriseratioue
1383 564 1534 632 cordetuo,
1548 575 1576 620 et
1596 565 1692 635 pellem
1708 565 1779 622 batte
1790 584 1837 623 so·

1040 673 1089 727 per
1108 673 1161 721 nte,
1177 673 1230 728 qua
1258 657 1384 714 videlicet
1408 656 1468 713 e'rat
1490 658 1611 722 indutus,
1638 655 1739 726 iniecit.
1759 658 1836 716 'lum

1040 749 1119 804 beata
1134 749 1180 804 bei
1195 748 1319 808 Geivrtvir
1333 765 1340 803 ι
1356 748 1453 813 libano,
1467 749 1564 820 linquit.
1577 748 1632 816 ille,
1644 750 1837 821 dequorogas,

1041 840 1126 898 niolta
1150 839 1316 911 flagitiorum
1341 841 1410 898 uvole
1425 844 1642 911 depressusesm
1665 841 1721 900 dvo
1747 853 1838 902 tamen

196 937 294 993 delicet
307 932 487 1007 perlaseiriae
510 931 656 1002 penrlantis
667 928 809 984 illecebras
824 939 989 983 crrrncoota-
1042 930 1100 990 beo
1129 931 1237 996 tanim,
1265 941 1296 986 ut
1326 940 1354 987 et
1378 930 1564 1003 indigentibus
1586 933 1657 1002 pius,
1676 943 1705 986 et
1738 949 1837 1004 magara

197 1027 257 1082 iacis
267 1039 311 1081 me
321 1025 417 1096 puellis
432 1025 459 1077 in
472 1032 563 1077 tenera
578 1021 666 1075 adiano
678 1029 759 1075 aetate
770 1019 884 1084 lmdavi;
900 1028 927 1073 et
939 1020 991 1072 boo
1034 1021 1126 1077 uaeris
1135 1021 1201 1078 loeis
1211 1020 1525 1090 evetititsetbumilitnto
1536 1022 1660 1078 devotos.
1669 1022 1839 1093 Frequenter

197 1117 295 1188 ipsum,
311 1115 380 1185 prob
395 1114 484 1168 dolori
512 1109 640 1167 oblivioni
656 1110 856 1179 quodammodo
869 1110 989 1172 tradens.
1041 1111 1115 1166 enim
1128 1111 1218 1170 oleum
1231 1111 1349 1182 propriis
1357 1111 1510 1170 cervicibus
1520 1112 1668 1180 deserebat,
1680 1122 1708 1168 et
1718 1113 1839 1169 lucentis

143 1207 148 1211 ’
197 1204 332 1262 secerdoti
345 1199 593 1274 pnoeitvcmtcsea
610 1198 989 1268 lni‚sedjudiciomnonao·
1041 1201 1169 1257 Ecclesiae
1182 1217 1248 1256 osee
1263 1201 1385 1257 iornitevn
1402 1202 1585 1260 nviuistralrat.
1614 1202 1736 1273 Cinnaque
1754 1220 1838 1274 super

198 1299 269 1371 cepi.
282 1298 383 1354 Verum
398 1295 480 1351 bodie
493 1294 584 1364 regina
613 1292 706 1347 mundi
726 1307 775 1361 pro
801 1291 880 1346 nobis
894 1302 1004 1361 precer
1042 1291 1094 1348 lroo
1106 1292 1193 1348 eidem
1209 1292 1323 1362 patricio
1351 1302 1379 1347 et
1410 1292 1502 1347 ueteri
1531 1294 1620 1350 sancti
1652 1277 1839 1360 testinnonium

197 1392 278 1454 ludit.
302 1402 401 1458 tneque
420 1402 483 1443 enm
508 1386 602 1441 multis
619 1384 679 1441 aliis
701 1385 735 1440 de
756 1383 825 1439 locis
838 1383 991 1454 penatibus
1042 1383 1228 1454 perhiberent,
1240 1398 1357 1458 cunique
1371 1383 1490 1454 idipsum
1503 1394 1531 1437 et
1546 1384 1734 1440 suiseeelesiis
1747 1386 1839 1457 eqisso

197 1481 336 1544 liberavit,
363 1486 496 1547 tantaque
517 1475 663 1532 multitudo
687 1490 737 1546 per
761 1474 990 1530 interventionem
1042 1472 1123 1527 simul
1140 1480 1311 1534 assummum
1329 1473 1402 1528 illico
1425 1472 1519 1546 regina
1535 1473 1626 1529 muudi
1652 1474 1791 1544 praecepit,
1806 1482 1839 1531 ut

197 1571 257 1641 ejus
271 1570 351 1625 bodie
361 1579 403 1624 est
414 1570 448 1623 de
459 1566 602 1622 tormentis
618 1576 722 1636 erepta,
734 1572 764 1620 ot
788 1579 933 1619 nvrmerum
951 1570 991 1616 to·
1041 1565 1174 1634 patricius·
1187 1563 1230 1618 ille
1241 1551 1388 1622 duceretur
1396 1562 1429 1616 ad
1440 1562 1572 1629 mediarum
1584 1574 1612 1619 et
1622 1562 1838 1626 eccemultitudo

199 1658 393 1715 tiosilomarae
405 1656 492 1729 plebia
504 1656 632 1719 excedam
645 1656 716 1710 unde
736 1669 815 1710 sacra
838 1652 928 1709 eidem
942 1653 990 1707 do-
1042 1653 1194 1709 demonum
1223 1652 1366 1723 praelatum
1383 1649 1516 1710 loannem
1539 1652 1666 1718 trabunt,
1684 1652 1839 1724 poenalibus

198 1751 280 1807 minae
295 1759 396 1805 nostre
407 1748 530 1818 gloriose
544 1748 632 1803 dicata
651 1747 751 1818 passini
763 1746 821 1801 loca
837 1745 989 1809 viritanrm,
1007 1745 1029 1803 ιι
1044 1747 1163 1816 undique
1175 1746 1240 1802 loris
1253 1745 1409 1810 astrictum,
1431 1753 1459 1801 et
1477 1744 1655 1802 ambientium
1678 1756 1837 1802 catenarum

199 1842 376 1911 'actionesque
387 1840 438 1896 sibi
459 1840 608 1912 gratiarum
622 1853 673 1908 pro
695 1838 778 1893 tantis
798 1836 992 1893 misericordiae
1043 1835 1215 1906 serenioribus
1227 1837 1402 1890 veliementer
1417 1834 1550 1890 attritum¹
1567 1832 1839 1896 'loncenrndomina

199 1932 344 1989 benediciis
357 1932 463 1988 alacres
485 1930 656 1988 exhibemus
681 1930 804 2000 Cumque
829 1944 912 2000 uvper
940 1929 992 1984 boe
1044 1935 1134 1980 trustra
1144 1925 1227 1995 jussit
1250 1923 1364 1990 aimoini,
1385 1932 1413 1978 et
1434 1933 1591 2010 sanctorum
1606 1923 1724 1978 coetibus
1738 1938 1853 1995 epure·-

199 2031 352 2080 comntater
363 2021 435 2078 illius
448 2021 608 2092 ambigeret,
623 2036 673 2075 ecc
686 2021 765 2076 tidem
789 2018 868 2075 tnette
889 2033 993 2075 senio·
1043 2018 1241 2090 ani;vincula
1261 2032 1337 2082 nero,
1367 2012 1466 2089 qrribus
1492 2016 1536 2073 ille
1565 2016 1654 2072 luerat
1684 2016 1838 2087 absolutor,

200 2114 280 2192 nibus
295 2113 448 2178 adhiberet,
472 2111 611 2181 eubjumit
623 2125 632 2165 t
646 2109 682 2167 llt
706 2110 868 2181 experiaris,
892 2110 990 2180 inquit,
1043 2109 1123 2164 alteri
1145 2108 1259 2173 leontini,
1273 2108 1319 2179 qui
1335 2108 1361 2163 iu
1377 2109 1428 2168 liae
1439 2108 1528 2168 adhue
1544 2109 1598 2163 vita
1615 2109 1752 2171 manebat.
1767 2125 1838 2179 pne·

199 2215 249 2275 pro
261 2213 338 2260 certo
347 2218 443 2258 rernm
454 2216 515 2258 esee
526 2201 600 2271 quod
614 2201 723 2271 loquor,
733 2201 805 2255 selas
815 2209 844 2255 te
854 2208 992 2256 trentaeto
1043 2201 1115 2271 cepit
1141 2200 1301 2256 innectenda
1318 2185 1424 2269 reponi.
1453 2198 1529 2255 Tunc
1554 2207 1703 2258 conventus
1717 2198 1761 2255 ille
1775 2214 1841 2256 san·

199 2296 351 2359 beonnam,
366 2293 392 2349 iu
417 2292 470 2348 bac
493 2292 589 2347 endem
616 2291 764 2348 lestivitete
789 2289 886 2361 prmul
910 2289 993 2345 dolio
1043 2291 1332 2354 ctornmsolutnsest,
1356 2300 1384 2345 et
1404 2291 1591 2362 uuusquisque
1613 2290 1840 2352 iridiversncon-

199 2383 371 2440 moritvtrem.
386 2380 464 2449 deod
474 2381 512 2448 si,
526 2381 599 2451 qnod
611 2379 671 2435 lieri
684 2396 739 2435 vion
763 2388 865 2449 potest,
879 2378 993 2434 ulterius
1045 2382 1170 2447 tendens,
1183 2384 1216 2437 ab
1230 2390 1343 2452 aspectu
1369 2382 1508 2437 cementis
1520 2382 1641 2437 evanuit.
1660 2379 1760 2444 beatus
1773 2395 1840 2438 vcro

199 2475 313 2542 rixeris,
326 2473 527 2545 meprotullsse
546 2473 718 2529 menducium
746 2473 848 2544 liquido
866 2487 992 2542 oompro·
1044 2465 1142 2534 Petrus
1153 2473 1291 2544 apostolus
1299 2474 1333 2527 ad
1350 2471 1492 2530 eeclesiam
1505 2487 1581 2530 suom
1607 2474 1695 2536 venit.
1715 2472 1758 2527 eui
1776 2487 1841 2542 pro·

200 2565 288 2623 bobia
302 2559 493 2627 litbisdictis.
507 2565 644 2621 abocnlie
659 2564 720 2635 cpia
734 2564 854 2619 euanuit.
876 2562 994 2618 diretta
1046 2568 1120 2623 unns
1150 2567 1271 2624 onmium
1304 2581 1496 2624 suceessorum
1523 2557 1650 2631 suornm.
1678 2565 1841 2636 pontilicnm
1892 2587 1894 2592 ’

200 2655 321 2713 ‘ilicium
342 2655 439 2721 induit,
453 2663 482 2710 0¹
495 2656 529 2710 (ιθ
551 2654 626 2709 obito
645 2668 695 2709 ⁸⁸0
718 2652 847 2717 wilielmi
861 2667 922 2722 qum
943 2667 995 2709 ²⁸·
1046 2643 1384 2724 videlicetllomttuormu.
1399 2660 1498 2718 cuorus
1524 2657 1704 2718 rutulantum
1726 2656 1842 2714 festivus

201 2748 300 2812 ditm,
309 2745 402 2800 little
414 2745 520 2802 cantius
533 2744 629 2814 eoepn.
641 2742 712 2809 Quid
724 2742 818 2813 dim?
829 2741 943 2800 Pemlll
955 2741 996 2798 ffl-
1046 2748 1164 2810 occurrit
1178 2770 1186 2806 ι
1200 2751 1259 2826 ipae
1271 2767 1378 2826 quoqne
1398 2752 1494 2808 beatos
1519 2748 1619 2808 Petrus
1640 2766 1701 2806 com
1725 2760 1842 2807 eatenus

202 2851 317 2893 maneto
346 2834 479 2904 pridianis
505 2834 589 2905 erepit
613 2842 747 2901 egrotare
766 2831 994 2904 vigiliisllnipto
1046 2829 1185 2896 videretur
1196 2841 1307 2898 indutos
1317 2838 1457 2898 Hebraicis
1468 2841 1600 2906 reatibus,
1612 2840 1842 2911 sieutinpicturis

202 2943 268 2981 vetti
279 2922 436 2986 festivitatis
458 2925 609 2991 diddiloni,
635 2922 705 2980 sicuti
729 2923 755 2978 ei
778 2924 994 2980 demonstratum
1047 2932 1334 3002 ubiqttecpnspicitnr,
1357 2941 1421 2990 tque
1446 2941 1475 2987 et
1496 2931 1638 3004 phrygium
1668 2930 1790 3001 suscepit
1814 2932 1841 2986 iu

203 3020 303 3082 eierat,
329 3017 496 3072 teutatem.
514 3014 564 3072 tite
591 3015 752 3078 reveritum,
775 3023 804 3072 et
820 3029 875 3070 noa
899 3012 995 3071 teum
1047 3023 1152 3092 capite
1168 3031 1196 3078 et
1224 3023 1293 3079 stem
1319 3021 1424 3086 carisii,
1450 3020 1773 3078 sacerdotuttrusintutts
1798 3030 1842 3078 est

203 3110 525 3186 cipareeceudmmqnia
544 3110 578 3164 de
599 3118 711 3178 peraeta
723 3107 812 3177 eulpa,
828 3122 911 3178 quam
924 3122 994 3177 prte-
1010 3101 1034 3164 C
1048 3123 1163 3172 ornatus
1178 3113 1205 3167 in
1221 3127 1346 3183 corpore.
1365 3110 1442 3170 Tunc
1460 3113 1662 3183 responsorium
1678 3109 1756 3175 illud,
1768 3112 1844 3182 quod

204 3205 259 3259 bra
270 3203 369 3258 molier
379 3200 511 3256 oblivioni
527 3199 789 3269 demulcentesque
805 3201 838 3254 ad
859 3199 997 3254 interven·
1049 3201 1148 3258 dicitnr
1163 3219 1169 3256 :
1185 3200 1224 3256 Tu
1235 3215 1265 3257 es
1277 3212 1369 3271 pastor
1385 3204 1492 3267 ovium;
1509 3202 1634 3260 melodiis
1656 3211 1739 3272 atque
1754 3200 1843 3256 melli·

205 3308 260 3350 tnvn
277 3296 445 3351 revenerare
460 3291 668 3348 beidenitrieie
683 3291 816 3363 supplicia
830 3291 995 3362 perferebat.
1048 3292 1110 3348 linis
1124 3303 1267 3364 coperturt
1289 3294 1414 3352 intonare
1436 3293 1616 3361 clauorum
1648 3295 1741 3368 sicque
1766 3294 1843 3352 illum

207 3391 272 3447 lita.
292 3390 326 3445 ll
341 3418 377 3433 -—
388 3386 548 3446 Sanctorum
570 3387 702 3458 apparitio
714 3387 891 3458 pelrierriuvo
907 3386 999 3443 doure
1048 3403 1135 3458 nsqm
1147 3386 1181 3444 ad
1198 3386 1375 3446 sacerdotalis
1393 3387 1472 3444 eltori
1484 3387 1570 3466 604
1591 3388 1784 3446 consistorium
1797 3384 1843 3443 de·

391 3461 419 3512 ⁵¹²
436 3458 545 3513 “iim“
566 3472 663 3512 “lm‘'
677 3456 801 3514 &²⁶³⁸st
1053 3479 1199 3558 ιιιιιιιιιιιι.Δ
1225 3480 1285 3546 Quin
1309 3481 1482 3548 perveniens.
1498 3481 1556 3552 ipse
1569 3480 1752 3551 apostolorum
1764 3480 1843 3552 prin-

241 3550 390 3606 llainaldos
402 3563 510 3618 qnoque
530 3547 671 3602 Cumanus
694 3548 839 3618 epismpos
856 3548 923 3602 mild
935 3564 998 3604 ttae·

163 3689 168 3698 .
208 3647 291 3709 ravit
302 3643 374 3713 qnod
385 3650 412 3698 et
427 3641 461 3694 ab
482 3639 634 3710 bramberto
643 3640 793 3695 venerabili
813 3650 915 3703 sanotae
928 3639 998 3694 liul-

206 3733 268 3789 itnte
280 3731 415 3802 querulam
429 3729 558 3800 episeopo
581 3743 611 3784 ee
631 3727 757 3784 didicisse
771 3729 920 3798 perbibuit,
933 3727 999 3784 Pre-

163 3893 167 3900 .
204 3817 355 3894 ebqterurm
368 3820 465 3890 inquit,
487 3827 622 3874 nocturne
635 3816 717 3892 603
729 3817 838 3872 cilentio
858 3818 1000 3887 quiescen-

206 3920 273 3984 tem,
288 3920 514 3981 covopntersnus.
529 3911 575 3977 qui
586 3907 731 3962 deluuetus
745 3906 882 3973 inermia
894 3908 999 3963 visione

206 4004 345 4081 clamavit,
362 4003 475 4058 dicens:
492 3999 571 4066 llerii,
584 3999 645 4055 vide
668 3999 864 4072 spectaculum,
877 4000 1000 4073 quodju-

205 4099 300 4172 dicere
315 4112 368 4153 non
402 4096 505 4170 poteris
529 4094 658 4148 otiosum.
682 4092 762 4147 [luxit
783 4107 849 4163 erqo
875 4092 952 4147 illum
965 4094 1000 4148 ad

206 4187 346 4244 basilicam
366 4187 452 4243 boote
479 4185 604 4252 Caeciliae,
625 4186 652 4238 in
681 4183 759 4253 eujus
781 4183 908 4238 videlicet
929 4185 1001 4258 atrio

206 4257 370 4332 ridebantur
381 4277 482 4345 Agnes,
503 4274 618 4343 ligatio,
634 4273 786 4342 eademqne
798 4270 918 4336 Caecilia¹
932 4274 999 4327 nrm·

207 4377 353 4436 tantaeque
376 4364 517 4419 beatarum
533 4361 668 4432 virginum
686 4360 799 4426 olroms,
812 4360 929 4418 tuirabili
942 4363 999 4416 cnl-

209 4467 252 4510 tus
275 4451 424 4511 cibabitur
446 4450 535 4506 nitore
559 4449 733 4520 conspicuus.
752 4447 798 4505 llae
811 4449 940 4504 ttiruirum
953 4465 998 4521 pa·

209 4549 305 4605 rabant
320 4545 467 4615 quamdam
486 4541 658 4618 trigniilcam
671 4541 782 4607 sedem,
802 4541 908 4597 coeteris
938 4543 1000 4602 ltine

209 4640 274 4705 iride
297 4634 434 4695 subselliis
454 4634 638 4709 ernineutenq
656 4640 684 4687 et
696 4646 760 4689 ecce
773 4629 804 4687 B.
824 4634 900 4708 virgo
914 4632 999 4690 llaria

208 4705 270 4792 etim
285 4734 377 4796 Petro.
397 4728 523 4788 etl’aulo
539 4737 621 4799 atque
650 4726 747 4793 David,
777 4742 810 4782 ae
832 4742 886 4783 nou
910 4727 1001 4798 parvis

210 4837 359 4897 nvartpmm
374 4820 600 4889 diversarumque
617 4807 774 4874 sauctorum
788 4815 887 4872 vallata
905 4805 1010 4873 turrinis

210 4915 373 4973 micantibus
396 4912 478 4973 venit,
492 4926 607 4978 seseque
622 4910 649 4963 in
666 4926 708 4969 ea.
732 4923 792 4978 qaia
817 4915 911 4978 patrata
930 4914 1000 4970 erat,

208 5011 276 5072 sede
288 5006 450 5076 composuit.
464 5003 551 5059 Porto
565 5012 656 5056 autom
672 5002 737 5055 ιΙιιιιι
746 5001 773 5056 ιιι
782 5001 827 5056 illo
842 5012 897 5056 tatu
906 5012 1002 5056 sancto

203 5108 345 5168 ,oonveetn
382 5096 520 5152 silentium
558 5097 646 5157 lieret,
668 5108 819 5166 nutriesque
846 5102 1004 5149 reverenter

210 5199 345 5258 astarent,
372 5203 437 5246 eece
465 5186 563 5243 mulier
588 5186 723 5258 (quaedem
740 5185 805 5240 licet
828 5184 1002 5256 paupercula.

212 5287 326 5358 pelliceo
336 5296 426 5339 tamen
443 5280 602 5337 indumento
626 5283 755 5335 decenter
770 5289 878 5344 aurata,
891 5279 925 5334 ad
935 5278 1003 5334 inte-

212 5372 456 5445 merotaelirqinie
469 5372 583 5440 vestigia
596 5369 710 5434 corruit,
724 5382 840 5440 eamque
854 5377 883 5422 ut
905 5366 1001 5426 loanni

212 5466 329 5540 patricio
340 5461 539 5537 jandeluneto
563 5461 747 5517 trtitereretur.
768 5458 1004 5532 ampeliumque

214 5560 265 5614 boe
280 5559 368 5627 ipsene
395 5554 493 5611 mulier
516 5564 557 5607 tet·
581 5551 750 5608 obscurando
781 5557 927 5622 repeteret,
953 5566 1004 5608 nec

215 5663 373 5717 responsum
387 5631 496 5715 aliquod
511 5647 658 5714 impetrare
669 5653 769 5714 posset,
781 5642 881 5713 adjecit
894 5657 902 5697 z
914 5641 1002 5706 Nosti.

214 5740 313 5808 inbuit,
328 5739 520 5803 dominanter,
534 5736 626 5806 regina
641 5730 733 5791 rutravdl
741 5752 748 5801 ι
766 5751 816 5807 mu
829 5749 890 5789 sum
904 5732 1003 5791 misera

1050 3585 1116 3639 ceps
1135 3579 1299 3626 nocturnum
1314 3580 1357 3628 est
1370 3584 1483 3626 exorsus
1509 3570 1638 3640 odicium,
1654 3571 1769 3627 dicens:
1791 3570 1844 3628 Do-

1051 3658 1137 3726 mine,
1161 3657 1233 3712 iabia
1255 3674 1323 3728 ‚mea
1353 3660 1593 3732 aperiestdeinde
1624 3674 1680 3716 aret
1711 3659 1846 3732 psalmos,

1054 3750 1222 3819 totidemque
1235 3749 1365 3806 lectiones
1378 3765 1410 3804 ac
1421 3750 1606 3824 responsorim
1622 3765 1683 3824 qoae
1693 3751 1720 3806 iu
1732 3757 1844 3824 aposto·

1050 3838 1846 3912 bvrmunetalitiisrcoensemur.eauorvicomorepersolrit.

1052 3927 1184 3986 Omnibus
1197 3929 1287 4000 itaque
1299 3929 1480 4000 perordinem
1496 3932 1549 3987 rite
1560 3930 1694 3994 decursis,
1704 3930 1846 3994 mmutinie

1051 4033 1159 4089 quoque
1190 4016 1314 4074 laudibus
1334 4027 1533 4089 consequenter
1565 4018 1693 4088 credetis,
1721 4020 1845 4090 ejusdem

1050 4109 1173 4164 ecclesie
1196 4109 1408 4168 tintinnabulum
1423 4111 1525 4176 sentiit,
1547 4119 1575 4166 et
1588 4112 1717 4168 continuo
1729 4111 1845 4184 presby-

1052 4210 1107 4266 tev,
1121 4201 1167 4271 qni
1192 4202 1250 4258 bne
1277 4203 1404 4269 videbat,
1419 4204 1568 4277 evigilans.
1596 4207 1733 4262 sorrvnium
1747 4208 1844 4264 termi-

1052 4294 1137 4348 navit.

1086 4383 1219 4442 Praeterea
1228 4385 1463 4458 idemqidsupra.
1483 4388 1548 4444 mibi
1563 4389 1847 4462 narravitepiseopos,

1013 4474 1039 4533 l)
1053 4478 1116 4546 quia
1132 4478 1281 4535 monnellus
1294 4481 1403 4550 qttidarn
1416 4481 1538 4552 quotidie
1557 4482 1622 4538 dvrnt
1643 4489 1707 4537 ante
1720 4491 1846 4538 sanctum

1054 4571 1142 4626 altero
1164 4572 1249 4628 beate
1272 4567 1364 4627 llario„-
1388 4588 1498 4644 semper
1521 4574 1635 4648 virqinis
1654 4574 1847 4643 pertransiret.

1053 4661 1126 4718 illam
1154 4679 1187 4717 et
1215 4678 1292 4719 rurore
1313 4666 1490 4736 percurrebat
1513 4666 1787 4740 amplioremque
1805 4667 1848 4722 sic

1054 4751 1150 4822 incipit
1170 4751 1297 4820 :Gaude
1333 4753 1380 4810 bei
1407 4754 1532 4813 Genitrit
1555 4758 1632 4830 sirpo
1655 4756 1846 4826 uumemtlmu

1054 4845 1153 4915 garoue.
1177 4859 1237 4913 qme
1268 4845 1395 4915 gavidium
1410 4848 1446 4904 ab
1459 4849 1555 4920 anqelo
1567 4849 1727 4918 smeopisti;
1748 4848 1847 4921 gaude.

1054 4935 1850 5014 quaponnitriaeternilunduisclaritatem;qaode‚mater;

1054 5025 1152 5098 grinde,
1175 5039 1269 5083 sancta
1296 5029 1342 5084 liei
1361 5028 1486 5087 Genitrix
1516 5032 1602 5106 virgo.
1617 5030 1730 5090 insola
1758 5041 1849 5094 meter

1056 5120 1178 5191 innupta.
1210 5120 1249 5175 'le
1264 5120 1355 5177 laudet
1383 5125 1473 5181 omnis
1493 5123 1610 5182 lactura·
1626 5122 1752 5184 Genitria
1764 5123 1847 5190 loeis

1056 5212 1194 5270 intercede
1205 5227 1254 5286 pro
1268 5213 1356 5270 nuliis.
1368 5214 1848 5284 Quamvidelioetaatipiinnantdou

1056 5302 1173 5373 quadam
1198 5303 1243 5358 die
1255 5306 1441 5373 pertransiens
1460 5306 1572 5367 diecret.
1586 5305 1691 5364 audivit
1704 5319 1799 5360 vocem
1814 5318 1848 5358 ea

1050 5391 1149 5464 ¹undem
1162 5391 1260 5449 alterio
1272 5395 1462 5470 procedeptem
1476 5414 1484 5450 ι
1498 5394 1632 5452 Gaudium
1656 5394 1723 5450 milvi
1739 5408 1848 5450 annun-

1056 5482 1140 5547 tiasti,
1156 5484 1286 5554 gaudium
1298 5484 1346 5539 tibi
1361 5483 1478 5540 eveniet.

1055 5574 1119 5629 Cae.
1137 5572 1168 5627 V.
1184 5604 1219 5615 -
1234 5573 1353 5646 Officium
1381 5585 1545 5631 mortuorum
1559 5577 1676 5647 qnotidie
1699 5575 1848 5646 permit-eae

1212 5645 1239 5701 in
1254 5644 1354 5700 coelettc
1378 5663 1485 5717 requam
1500 5647 1686 5701 introducitur.

1092 5731 1145 5792 sm
1157 5747 1184 5793 ot
1198 5738 1269 5795 idom
1285 5737 1351 5793 mibi
1373 5737 1495 5800 narrarit
1511 5738 1662 5808 episcopus,
1677 5737 1740 5804 quia
1761 5734 1849 5794 irater
