4017 6192
173 184 227 243 5115

173 397 331 450 inueterata.
365 395 438 451 Sane
461 398 526 467 quia
550 398 716 454 intellectum
741 398 890 470 spiritualis
905 398 969 452 suli·

173 487 284 542 stantiae
302 487 383 541 nudis
401 488 490 544 verbis
509 490 627 544 bumana
653 490 744 561 lingua
764 489 857 559 nequit
879 487 969 557 expri-

172 596 261 647 mere,
283 584 448 653 qrrarrdoque
472 583 595 638 doctrina
621 585 761 654 sapientia
774 598 822 653 per
837 582 969 652 quasdam

172 686 324 743 corporeas
346 672 540 729 similitudines
580 674 734 729 audientem
763 674 859 728 nititur
886 671 970 727 inlor·

172 780 262 821 mare.
292 766 330 821 Dc
350 765 435 821 veteri
462 774 553 821 autem
578 767 657 831 vita,
685 775 713 822 et
742 765 970 821 carrralibussen·

172 858 252 913 siban
276 857 377 921 dedita,
401 871 540 927 corporee
553 858 709 930 cogitantur
730 858 865 929 imagines
881 875 888 911 ι
902 872 970 927 qua·

173 948 384 1004 rutnvidelicet
410 948 453 1002 ad.
471 948 621 1004 docendum
637 962 704 1004 usus
732 947 891 1011 assumitur,
908 961 969 1001 curn

173 1037 277 1108 aliquid
320 1054 353 1092 cx
388 1038 655 1109 incomprebensibili
694 1046 722 1092 et
756 1036 968 1092 incommutabili

173 1130 296 1183 essentia
331 1129 482 1185 divinitalis
512 1130 632 1185 auditur.
666 1128 768 1185 Rachel
792 1130 883 1198 itaque
909 1126 968 1181 rba·

174 1218 225 1273 luit
239 1220 322 1291 297
335 1230 472 1291 uteunque
486 1220 557 1276 tilios
567 1237 600 1277 ex
614 1222 712 1277 aneilla
727 1222 875 1291 suscipere,
888 1235 969 1290 quiam

174 1313 289 1365 onrnino
300 1310 404 1366 sterilis
416 1326 593 1381 perntanere;
605 1311 668 1381 quia
683 1311 806 1367 doctrina
818 1309 969 1381 sapientiae,

174 1401 236 1456 sire
257 1403 346 1473 gratia
371 1402 626 1472 contemplationis,
640 1418 688 1473 per
701 1402 866 1459 exteriorum
882 1401 970 1456 scien·

177 1489 258 1555 tiam,
273 1491 318 1545 rel
332 1489 480 1545 visibilium
493 1506 583 1547 rerum
598 1491 710 1557 formas,
725 1490 894 1546 auditoribus
906 1489 969 1544 inti·

178 1590 236 1636 nrat
260 1581 393 1651 qumqrrid
413 1582 447 1637 de
467 1580 648 1638 invisibilibus
669 1582 740 1637 intra
759 1597 859 1636 arcana
871 1578 969 1635 inentis

583 189 705 251 OPL'SC.
724 193 789 249 lilll.
807 223 841 235 υ-
854 192 897 248 ftli
915 189 1155 251 rauraertortu
1171 195 1323 255 ltounctl.

30 298 31 311 ¹
95 374 100 385 Ι
173 314 238 361 sunt
261 305 404 361 enuntiata
433 304 537 378 liguris.
568 308 636 364 Natu
674 310 736 364 Baria
773 308 1125 379 interpretamrtlplatire
1139 315 1350 381 arteponerent
1364 306 1554 376 fructum,sed
1566 308 1602 367 ad
1615 310 1667 365 ltoc
1680 311 1812 380 potiusut

1758 195 1812 254 att

1020 400 1121 471 proprii
1139 400 1257 466 arbitrii,
1278 414 1388 470 suaque
1409 398 1556 456 uoluntatis
1577 399 1706 471 expleant
1729 416 1812 472 appe·

1020 490 1110 546 titum.
1509 521 1515 531 ·

1057 581 1088 637 lli
1112 593 1177 638 stant
1195 583 1323 657 alanique,
1339 584 1384 652 gari
1402 583 1435 638 ad
1449 582 1575 654 quaelibet
1596 582 1748 655 peragenda
1766 597 1813 640 ne·

1021 673 1093 744 gotia
1114 675 1167 730 buc
1188 675 1250 730 ilinc
1264 676 1353 730 votiva
1364 674 1466 746 iugiter
1478 660 1621 746 vagatione
1635 675 1810 738 discurrunt:

1020 771 1049 816 et
1067 763 1130 818 darn
1149 765 1294 834 quiescere
1314 766 1451 833 nesciunt,
1467 765 1554 821 rideri
1571 764 1642 820 relat
1656 764 1813 822 obedientes

1021 853 1135 909 volant:
1151 855 1244 926 sicque
1267 857 1390 912 morbum
1411 858 1544 928 vitiique
1565 857 1699 923 laborant,
1718 873 1813 931 super·

1021 944 1102 1002 ducto
1112 946 1247 1003 velamine
1262 947 1370 1005 virtutis
1381 948 1553 1005 obumbrant.
1568 948 1600 1004 111
1613 949 1741 1005 nimirum
1756 962 1812 1007 nott

1022 1038 1122 1095 idcirco
1134 1040 1272 1100 laboribus
1284 1050 1449 1108 atteruntur,
1469 1050 1501 1097 ut
1520 1043 1659 1109 obediam,
1681 1043 1738 1105 red,
1751 1042 1812 1119 ideo

1021 1130 1077 1184 suis
1089 1131 1242 1201 praepositis
1254 1133 1364 1189 obedire
1381 1132 1542 1199 deliberant,
1558 1143 1588 1189 ut
1602 1135 1740 1191 laborandi
1754 1150 1812 1189 ma·

1022 1221 1119 1275 teriam
1134 1238 1186 1276 non
1200 1224 1337 1291 attrittant,
1360 1224 1447 1281 otium
1468 1226 1596 1282 videlieet
1620 1226 1746 1293 tolerant,
1769 1226 1811 1282 la·
1855 1260 1860 1267 ,

1021 1313 1087 1369 bore
1108 1313 1251 1383 fruuntur;
1273 1316 1337 1386 quia
1353 1318 1532 1388 vagationem,
1552 1320 1682 1390 qrrictern,
1697 1317 1811 1374 molata-

1020 1421 1073 1475 que
1098 1408 1267 1479 negotiorum
1291 1409 1418 1476 solvere,
1447 1427 1558 1468 suavem
1587 1414 1719 1483 deputant
1736 1412 1812 1467 voln-

1020 1506 1134 1566 ptatem.
1166 1498 1237 1554 Sunt
1270 1501 1342 1556 enim
1375 1502 1499 1572 quiedam
1531 1503 1630 1557 animae
1656 1502 1812 1574 paralytice

1021 1587 1105 1660 290
1114 1604 1176 1659 qnae
1189 1590 1343 1661 secundent
1358 1590 1461 1648 crebris
1472 1592 1686 1648 discursionibus
1697 1593 1811 1664 agitare.

175 1673 316 1738 occultat;
345 1682 374 1728 et
398 1674 439 1729 sic
461 1673 660 1743 qrrodammodo
683 1688 732 1743 per
754 1672 880 1728 ancillam
900 1670 1149 1748 utiosltontsqms
1175 1679 1248 1736 enim
1271 1694 1410 1752 corporeae
1431 1682 1566 1755 paralysis
1591 1683 1720 1755 languore
1746 1697 1812 1738 con·

175 1766 288 1836 accipit,
311 1765 375 1818 darm
396 1779 446 1833 per
462 1779 535 1829 eam,
558 1778 619 1832 uriae
633 1765 683 1819 sub
700 1779 730 1819 se
744 1774 797 1829 est,
813 1762 967 1828 seientiam,

175 1854 332 1928 spirituales
349 1855 404 1910 Deo
419 1854 489 1909 tilios
508 1856 594 1924 parit;
611 1852 711 1924 chpba
729 1868 795 1909 vero
809 1853 970 1923 interpreta-

133 1988 140 1996 .
176 1958 222 2002 tur
235 1964 265 2003 os
278 1948 366 2001 liam.
875 1939 883 1945 ”

210 2039 275 2096 flac
289 2039 373 2110 igitur
383 2038 479 2094 ancilla
503 2038 565 2094 illos
583 2037 691 2109 figttrat,
704 2051 819 2108 qrtorum
832 2038 860 2092 in
871 2035 969 2107 pradi-

174 2130 285 2185 catione
298 2128 461 2196 evangelion
471 2127 534 2184 ddei
544 2128 695 2198 ecquidem
707 2128 775 2193 biat,
793 2129 841 2185 sed
851 2142 900 2184 cor
913 2140 967 2182 non

176 2221 244 2276 biat.
270 2220 310 2276 lle
333 2221 431 2290 ortibus
453 2219 579 2277 videlicet
601 2221 732 2290 seriptum
747 2228 808 2275 est:
823 2239 833 2273 ι
849 2218 968 2289 Populus

175 2312 307 2370 bielabiis
318 2328 362 2367 me
370 2314 496 2379 bonorat,
504 2326 552 2367 cor
562 2321 652 2367 autem
662 2326 755 2368 comm
767 2313 845 2383 longe
854 2321 968 2368 cstamc

174 2404 285 2479 (lfattft.
298 2404 355 2476 aa).
367 2422 376 2455 ι
389 2401 423 2458 lit
436 2404 469 2459 de
478 2404 577 2473 qtrilms
593 2403 739 2472 Apostolus
752 2420 758 2457 :
774 2421 784 2454 r
806 2402 856 2471 Qui
869 2402 967 2473 praedi·

175 2511 234 2562 uas,
256 2495 354 2566 inquit,
367 2510 420 2550 non
432 2494 587 2561 iurandum,
605 2494 706 2550 furaris
725 2494 815 2573 (fient.
831 2494 874 2566 rt).
889 2514 898 2547 ι
916 2493 970 2550 Ve-

174 2594 331 2641 rumtamen
343 2600 376 2640 ex
392 2585 444 2639 hac
460 2583 561 2639 ancilla
578 2583 701 2639 heredes
721 2582 827 2639 futuros
844 2582 967 2637 aliosLia

155 2736 162 2741 ,
175 2676 249 2733 alios
271 2676 387 2747 accipit;
408 2675 471 2745 qrria
491 2690 563 2746 saepe
576 2689 625 2745 per
638 2674 705 2729 tales
717 2674 799 2729 etiam
811 2674 969 2744 praedicato-

175 2783 223 2825 res
235 2769 324 2823 actira
338 2768 392 2822 rita
407 2766 506 2822 multos
521 2767 595 2839 regni
610 2766 679 2822 filios
693 2765 840 2836 adoptarit.
860 2766 899 2821 bs
910 2767 970 2836 ‹prri-

175 2863 228 2918 bus
243 2860 373 2917 Veritas:
391 2878 402 2912 ι
415 2859 481 2928 Quae
494 2858 600 2926 dicunt,
616 2859 714 2929 iuquit,
735 2858 835 2924 lacite3
852 2874 912 2929 quiae
923 2874 969 2912 au-

176 2961 233 3008 tent
258 2950 372 3018 faciunt,
394 2950 485 3006 facere
498 2950 581 3005 nolite
592 2948 699 3022 (lfattlt.
713 2950 806 3017 xant).
823 2969 832 3002 r
852 2949 883 3003 Et
897 2947 968 3020 lipo-

1020 1767 1173 1841 stringitur,
1187 1784 1259 1840 saepe
1275 1771 1461 1828 ministrorum
1483 1773 1628 1830 uexatione
1647 1773 1811 1839 concutitur,

1020 1870 1047 1916 ct
1070 1861 1110 1916 sic
1126 1860 1319 1933 agitationibus
1330 1863 1477 1919 referetur.
1498 1863 1634 1929 nicerte,
1659 1863 1813 1934 spirituales

1021 1952 1146 2010 uidelicet
1170 1952 1323 2027 paralytici,
1343 1956 1387 2012 rel
1400 1956 1466 2013 solis
1486 1956 1594 2013 ancillis
1617 1957 1731 2013 dicendi·
1749 1967 1813 2013 sum

1019 2057 1080 2100 esse
1092 2043 1241 2115 conjuncti,
1261 2052 1344 2117 atque
1361 2045 1422 2103 ideo
1435 2061 1528 2103 eorum
1551 2045 1599 2102 fllil
1614 2045 1767 2101 nullamnus
1778 2046 1813 2101 ad

1020 2138 1188 2196 baereditatis
1201 2140 1374 2210 capessenda
1383 2139 1445 2211 jura
1460 2140 1622 2211 perserviunt
1634 2156 1641 2206 ;
1653 2139 1697 2198 rel
1710 2139 1732 2196 si
1743 2138 1811 2195 libe-

1020 2244 1065 2285 ras
1090 2229 1191 2285 babere
1205 2245 1236 2285 se
1248 2238 1354 2300 putant,
1370 2244 1424 2286 uon
1451 2229 1574 2296 ancillas,
1591 2240 1620 2285 nt
1635 2228 1671 2285 ila
1685 2227 1811 2297 dixerim,

1019 2326 1130 2390 propter
1144 2317 1214 2373 filias
1230 2317 1332 2384 Labant,
1346 2319 1393 2375 sed
1406 2333 1537 2388 perverso
1551 2320 1646 2376 ordine
1667 2318 1737 2375 filias
1747 2318 1813 2376 sibi·

1019 2416 1076 2464 met
1103 2407 1238 2463 loederare
1250 2408 1344 2464 rolant
1358 2417 1470 2483 propter
1480 2409 1592 2465 ancillas
1607 2425 1614 2476 ;
1627 2410 1691 2480 quia
1707 2424 1761 2466 non
1777 2408 1812 2463 ad

1020 2499 1071 2555 boc
1085 2498 1219 2564 laborant,
1240 2509 1270 2554 ut
1293 2499 1430 2566 obediant,
1446 2500 1494 2555 sed
1513 2499 1546 2554 ad
1567 2500 1620 2555 boe
1636 2498 1726 2570 potius
1744 2499 1812 2555 obe·

1019 2587 1104 2653 diunt,
1119 2587 1291 2643 allaborent.
1302 2586 1358 2644 Nec
1371 2602 1450 2669 'more
1465 2586 1559 2654 iacob,
1577 2589 1611 2644 ad
1628 2587 1756 2655 activam,
1767 2585 1813 2644 rel

1019 2679 1256 2751 contemplativam
1273 2679 1357 2735 vitam
1372 2679 1475 2735 fructus
1494 2695 1604 2736 suorum
1619 2694 1731 2751 operum
1743 2679 1813 2735 refe·

1021 2779 1083 2824 runt
1097 2786 1105 2837 ;
1119 2770 1166 2826 sed
1176 2770 1233 2825 sive
1247 2771 1279 2827 de
1300 2769 1387 2826 activa
1402 2770 1469 2840 quid
1480 2771 1508 2825 in
1534 2786 1582 2827 sua
1597 2770 1755 2842 operatione
1766 2770 1813 2826 de·

1020 2867 1181 2925 ntmtstrcnt,
1204 2860 1260 2916 sive
1293 2860 1327 2916 de
1351 2862 1561 2933 contemplativa
1594 2861 1695 2931 aliquid
1723 2861 1813 2917 verbis

1020 2949 1171 3014 enuntient,
1187 2964 1240 3004 non
1260 2949 1286 3004 in
1302 2949 1345 3005 lris
1365 2950 1515 3022 spiritualis
1541 2950 1666 3006 utilitatis
1682 2959 1813 3021 expetunt

175 3041 283 3099 stolus:
301 3059 312 3093 ι
326 3041 400 3105 Sire,
416 3040 515 3110 inquit,
536 3039 692 3103 occasione,
706 3040 764 3093 sire
778 3039 903 3093 bitriscus
920 3053 967 3092 re·
982 3039 1005 3103 (2
1022 3035 1149 3101 frutetum,
1164 3038 1210 3092 sed
1228 3038 1343 3108 propriae
1358 3039 1547 3094 tarrtummotlo
1568 3039 1715 3095 roltrntatis
1728 3054 1813 3094 aucu-

174 3134 259 3190 ritate
269 3133 457 3199 annuntietur,
471 3142 497 3187 ct
512 3131 539 3187 in
555 3132 606 3187 boc
619 3131 734 3204 gaudeo,
749 3130 796 3185 scil
809 3140 836 3184 ct
848 3130 969 3200 gaudebo

175 3223 310 3299 (Pdilipp.
324 3225 355 3291 ι).
371 3242 380 3275 ι

1018 3135 1120 3195 paritur
1132 3126 1286 3181 arbitrium.

1326 3217 1443 3275 CAPUT
1463 3216 1508 3271 xl.

212 3316 266 3372 Sed
278 3317 335 3387 jam
347 3314 474 3380 sufficiat,
491 3313 562 3386 quod
576 3329 660 3370 sacra
672 3313 835 3368 mentionem
851 3313 970 3368 historiar
1063 3303 1102 3358 De
1115 3306 1250 3360 utotreciit
1266 3307 1311 3377 qui
1322 3309 1522 3378 grammaticum
1535 3308 1633 3362 discere
1644 3309 1766 3378 patiunt-

175 3406 319 3476 bucusque
336 3405 528 3477 protraximus,
547 3405 593 3476 qui
612 3405 732 3460 seriatim
752 3404 908 3474 Scripturas
920 3420 968 3459 cx·
1055 3395 1272 3452 1111010010010
1298 3396 1555 3467 0101110011010111101,
1570 3412 1604 3453 011
1628 3397 1741 3452 1110111111
1762 3412 1812 3451 011·

174 3513 279 3569 ponem
304 3497 473 3567 propositum
498 3510 551 3551 non
577 3497 718 3551 habemus.
743 3495 924 3552 lloctantmn
941 3497 969 3552 in
1020 3504 1096 3548 mere
1113 3500 1176 3547 sant
1203 3492 1234 3558 ii,
1256 3492 1302 3563 qui
1323 3493 1562 3563 gramntatieorum
1582 3492 1678 3563 retgas
1699 3493 1812 3557 adeunt,

174 3590 220 3645 bis
244 3588 473 3645 considerandum
498 3601 558 3643 esse
581 3587 789 3658 perpendimus,
811 3587 874 3656 qoia
900 3587 970 3642 sieut
1019 3583 1076 3653 qai,
1098 3583 1200 3639 relictis
1215 3583 1402 3654 spiritualibus
1422 3584 1530 3649 studiis,
1546 3584 1689 3640 addiscere
1699 3590 1812 3640 terrente

172 3678 261 3737 iacob
283 3679 410 3735 llarlrelis
434 3678 518 3733 solius
542 3678 640 3733 intuitu
659 3692 756 3733 omnes
770 3676 829 3731 illas
842 3677 970 3733 mulieres
1020 3676 1087 3731 artis
1095 3676 1209 3745 ineptias
1219 3664 1428 3745 corrcopiscuut:
1441 3676 1666 3748 parvipendentes
1676 3675 1810 3746 slqrridem

174 3770 294 3841 aceepit,
309 3785 342 3825 cs
358 3768 456 3839 quibus
481 3763 551 3823 illios
574 3767 679 3836 genuit,
707 3766 747 3822 sic
771 3767 894 3837 quisquis
919 3767 969 3822 sub
1020 3768 1140 3841 regulam
1151 3768 1301 3833 Benedicti,
1327 3768 1426 3839 tegrrbs
1447 3770 1565 3839 gaudem
1588 3782 1687 3823 uacare
1701 3767 1810 3822 lionati.

175 3859 359 3917 dealbationis
374 3859 461 3930 gratia
475 3859 649 3924 constitutus,
667 3856 832 3913 fructificare
847 3857 902 3913 beo
914 3857 970 3929 spi·
1019 3861 1053 3916 111
1065 3874 1146 3932 porro
1168 3860 1337 3917 fastidientes
1361 3861 1555 3916 ecclesiastieae
1578 3850 1725 3929 discipliuae
1736 3858 1810 3929 peri-

175 3949 269 4005 rituali
280 3948 444 4005 fecunditate
453 3948 598 4013 desiderat,
612 3963 721 4004 neeesse
733 3958 776 4005 est
788 3958 816 4004 ut
829 3964 878 4019 per
888 3963 970 4005 omne
1022 3952 1098 4019 tiam,
1122 3961 1150 4007 et
1167 3950 1343 4007 sacularibus
1363 3950 1461 4005 studiis
1485 3950 1630 4013 initiantes,
1657 3948 1721 4018 quid
1739 3946 1812 4002 aliud

174 4043 250 4114 qrtorl
282 4043 358 4115 agit,
390 4042 423 4097 ad
451 4041 687 4113 eorttemplationis
717 4056 825 4113 semper
855 4030 969 4114 gratiam
1020 4040 1140 4113 quarnin
1156 4039 1348 4096 ddcitbalamo
1372 4039 1512 4109 coniugem
1528 4038 1811 4108 relinquerecastam,

176 4132 283 4188 tendat.

489 4221 604 4279 carui
622 4223 657 4279 li.

946 4156 949 4165 ’
1020 4143 1048 4189 et
1058 4133 1092 4188 ad
1107 4133 1230 4189 scenicas
1254 4130 1381 4187 ridentur
1394 4128 1560 4185 descendere
1577 4127 1755 4198 prostitmasl
1766 4124 1810 4193 bt,

1021 4230 1051 4278 ut
1065 4222 1101 4277 lta
1124 4222 1219 4287 fatear,
1242 4219 1417 4276 meretricum
1437 4217 1580 4274 lenociniis
1593 4217 1720 4274 oblectati
1747 4217 1812 4271 «lant

174 4314 217 4371 ne
238 4315 280 4369 ltir
303 4316 349 4386 qui
370 4317 549 4386 venationibus
573 4316 672 4382 dediti,
692 4316 814 4387 ignorent
833 4314 970 4386 spirituale
1022 4313 1162 4384 repudium
1178 4311 1281 4377 liberis,
1296 4321 1335 4377 ut,
1349 4310 1447 4366 violato
1459 4309 1572 4379 nuptiali
1584 4308 1696 4373 loedcre,
1708 4307 1813 4363 socien-

491 4386 651 4456 conjttqiunt.

212 4500 266 4557 Sed
278 4498 344 4570 quill
359 4499 391 4553 ml
408 4500 464 4554 lime
479 4499 604 4567 dicimus,
621 4517 681 4556 cum
697 4500 836 4555 rideamus
848 4501 874 4554 in
890 4500 970 4555 domo

173 4591 269 4648 Labao
295 4589 440 4645 nonnullus
458 4590 508 4644 sab
532 4590 597 4643 tanti
622 4591 738 4658 torporis
758 4601 840 4658 atqrre
861 4589 970 4643 desidiae

174 4681 342 4754 negligentia
364 4681 465 4745 virere,
481 4688 510 4732 nt
526 4694 613 4749 ncqrre
629 4679 754 4734 llaclrelis
771 4680 892 4733 ambiant
911 4678 970 4749 pul·

174 4775 371 4838 claritudinem,
396 4786 484 4842 neque
508 4772 590 4826 etiam
615 4773 687 4827 circa
708 4770 763 4826 Liar
780 4787 810 4827 se
824 4771 969 4825 rideantur

173 4878 305 4919 exercere
328 4862 471 4918 laborem?
490 4860 522 4918 lli
536 4860 658 4932 prolecto
675 4871 749 4927 sunt,
770 4861 815 4931 qui
831 4862 858 4915 in
871 4875 968 4916 morm-

173 4955 267 5011 sterile
276 4953 430 5021 constituti,
445 4968 533 5024 neque
546 4969 595 5024 per
610 4954 784 5009 remotiorem
799 4953 894 5018 vitam,
911 4952 968 5006 sive

174 5063 225 5118 per
249 5048 366 5103 assiduae
390 5047 522 5102 orationis
543 5046 701 5103 instantiam
722 5046 756 5101 ad
775 5045 889 5117 gratiam
904 5060 969 5101 cou-

174 5141 364 5211 tetuplationis
385 5140 532 5205 anbelant,
559 5155 647 5211 ireque
669 5139 719 5193 sub
738 5138 903 5210 jejuniorum
927 5153 968 5202 se,

173 5232 403 5302 diversorumque
416 5231 539 5288 laborum
553 5231 723 5287 districtione
745 5231 892 5297 castigant.
913 5228 967 5281 llu-

168 5321 291 5392 iusmodi
317 5323 397 5394 plaue
418 5323 462 5377 uel
485 5321 617 5395 coniugiis
638 5321 748 5377 ontrrino
761 5319 850 5385 liberi,
867 5317 907 5373 rei
923 5334 970 5374 an·

171 5415 301 5471 cillarum
328 5417 515 5472 tantummodo
540 5415 726 5486 complexibus
748 5423 811 5469 sum
836 5414 968 5479 corurmi,

172 5505 238 5574 quia
262 5505 306 5561 vel
332 5506 427 5562 inertis
442 5507 555 5579 ignaria
570 5508 710 5578 potiuntur
724 5506 797 5585 otiis,
810 5504 852 5560 rel
867 5506 889 5559 si
905 5505 969 5574 ιμιὶιΙ

173 5607 269 5669 agunt,
287 5614 342 5654 tion
355 5601 388 5655 :ul
403 5599 453 5656 lroc
474 5600 599 5667 tendunt,
623 5608 650 5652 ιιι
671 5599 765 5654 activae
787 5598 828 5653 vel
849 5607 969 5652 retutem-

981 4386 1009 4446 ⁰
1018 4415 1068 4487 tur
1080 4404 1195 4461 ancillis.
1210 4405 1343 4460 besertmt
1361 4418 1460 4458 uxores
1477 4402 1581 4468 laban,
1597 4401 1721 4457 uidelicet
1732 4401 1811 4466 filias,

1022 4510 1050 4557 et
1069 4497 1103 4553 ad
1121 4499 1263 4567 lupanares
1287 4504 1429 4551 transcunt
1448 4495 1633 4561 concubinas;
1663 4505 1692 4549 ut
1715 4493 1813 4547 merito

1021 4604 1083 4644 cum
1097 4587 1161 4641 Bala
1177 4595 1293 4651 ueteres,
1308 4595 1335 4641 et
1346 4601 1408 4640 cum
1423 4585 1523 4653 chpba
1536 4585 1689 4654 vatrriloqttia
1702 4584 1813 4637 videau-

1022 4688 1067 4732 tur
1080 4677 1235 4733 urbanitate
1245 4677 1364 4731 beares.
1384 4675 1438 4730 Sul
1454 4674 1579 4729 fortassis
1593 4673 1732 4741 oltjiciuut,
1749 4674 1812 4742 apuria

1021 4757 1121 4824 adboe
1133 4764 1308 4825 citeriorum.
1320 4768 1419 4821 artium
1443 4765 1529 4837 uirgis·
1545 4765 1682 4829 insudant,
1696 4775 1724 4817 ut
1739 4764 1812 4819 loeu-

1021 4860 1120 4932 pletius
1130 4861 1163 4916 ad
1178 4860 1267 4915 studia
1281 4860 1372 4914 divina
1386 4859 1538 4930 proliciunt.
1561 4857 1644 4914 Jacob
1657 4867 1731 4913 certe
1744 4859 1813 4928 peti·

1021 4951 1139 5008 tionibus
1163 4966 1290 5017 urorum,
1320 4951 1532 5007 concubinarum
1563 4950 1688 5005 tolerarit
1712 4948 1812 5019 amplc-

1022 5057 1085 5097 aum
1099 5059 1106 5094 z
1121 5041 1241 5112 alioquin
1257 5041 1303 5111 qui
1323 5055 1356 5097 ea
1371 5040 1411 5096 eis
1423 5039 1479 5096 nati
1492 5047 1566 5104 sunt,
1580 5034 1735 5096 nullatenus
1750 5052 1812 5093 curra

1021 5137 1127 5193 caeteris
1142 5137 1176 5192 ad
1188 5136 1354 5193 lraereditatis
1365 5134 1428 5205 jura
1449 5144 1653 5199 correurrcrent,
1668 5135 1691 5188 si
1709 5131 1813 5186 adstite-

1021 5229 1087 5285 rium
1110 5229 1294 5301 conceptionis
1325 5226 1443 5283 infantiae
1467 5227 1648 5298 stiltjaccrcnt.
1682 5224 1812 5290 Quaerunt

1021 5335 1096 5391 crgo,
1111 5320 1342 5376 etauctoritatem
1367 5319 1478 5373 Patrem
1498 5316 1634 5372 subtiliter
1656 5314 1810 5371 cousulant.

1057 5411 1133 5478 Quod
1145 5413 1167 5468 si
1180 5413 1222 5468 bis
1237 5413 1343 5466 artilnrs
1358 5424 1467 5480 operam
1481 5409 1546 5463 dare
1560 5407 1722 5462 inonacbum
1734 5422 1811 5462 sacra

1021 5500 1162 5573 Scriptura
1182 5502 1323 5571 pcrtnittit,
1341 5500 1447 5554 tlicatur
1455 5497 1512 5568 jum
1539 5496 1601 5566 tprtia
1614 5512 1683 5551 uror
1696 5497 1752 5551 tiro
1765 5512 1810 5550 an·

1021 5595 1112 5649 cillaun
1127 5594 1154 5648 in
1171 5610 1248 5649 usum
1266 5590 1364 5647 subolis
1378 5589 1467 5645 tradit.
1485 5588 1518 5642 bl
1538 5588 1560 5642 si
1575 5586 1731 5659 Gregorius,
1747 5587 1810 5645 llic·
