4017 6192
130 328 133 331 ·
207 257 259 316 807
442 253 748 313 summouisset
766 252 978 314 nonnullus
996 254 1061 312 SEU
1084 256 1175 315 unns
1192 258 1235 314 iit.
1255 288 1290 300 -
1307 255 1491 314 OPUSCULA
1514 254 1630 312 lauit.
1789 256 1843 312 tue

212 374 350 440 valeamus
367 371 439 429 sicut
451 385 484 428 ea
500 370 594 427 umbra
611 368 678 441 legis
697 371 732 425 ad
751 369 875 426 nemetis
886 369 1001 441 gratiam
1014 379 1040 437 Α
1054 369 1139 435 misit,
1156 384 1205 440 per
1226 374 1310 425 totam
1335 368 1406 423 diem
1424 366 1499 422 illam
1520 379 1555 423 ne
1574 364 1629 420 nini
1641 363 1749 435 ιιίιιιι
1764 374 1835 422 resti

212 465 366 538 pertenire.
877 522 879 525 ,
1053 459 1126 530 glum
1148 459 1236 530 potnit
1257 457 1394 524 invenire,
1416 455 1510 525 sicque
1532 453 1621 511 diurna
1644 454 1845 526 dispensatione

508 548 622 607 CAPUT
647 547 702 604 vll.
1051 557 1163 605 coactus
1174 557 1217 605 est
1227 547 1323 618 ieiunii
1335 547 1455 604 debitum
1469 547 1496 601 in
1510 545 1568 616 ipsa
1580 544 1729 601 lestiritate
1742 545 1844 617 persol-

213 666 268 722 ιιι
288 664 322 720 s.
343 663 456 721 toanis
483 660 610 733 sapien
635 659 776 715 necatum
804 659 920 733 uigiliam
948 676 1001 717 ιι
1051 656 1126 707 reu.
1140 643 1218 713 euius
1237 656 1292 698 non
1314 639 1631 709 tinuitvtgntascoona
1653 636 1843 698 munerans

556 731 659 785 inient.
1051 731 1229 788 institutionis
1252 731 1373 803 regulam
1392 737 1541 793 temeram
1564 736 1602 795 et,
1625 736 1656 782 ut
1671 728 1712 784 ita
1734 728 1840 801 loquar,

247 825 318 879 liant
337 838 402 894 crgo
423 830 578 876 sanctarum
593 819 744 889 vigiliarum
768 820 862 877 hostes
885 828 912 876 ct
931 819 1002 892 iciu-
1051 822 1100 879 luit
1112 824 1139 879 in
1154 822 1224 879 lesto
1234 823 1306 894 quod
1319 820 1470 892 deliquerat
1482 820 1510 875 io
1523 816 1655 890 prolecto.

211 904 318 968 niorom
342 911 536 966 rernembilium
556 909 750 974 destructores,
774 923 806 964 ac
819 907 1002 980 dogmatizent
1088 912 1150 969 llaec
1165 913 1256 985 igitur,
1272 911 1458 989 dilectissimi,
1473 910 1508 966 de
1520 920 1584 967 octo
1605 909 1705 982 uigiliis
1718 925 1846 968 exarnus

208 1002 332 1076 paschali
355 998 518 1056 solemnitati
542 997 722 1053 reverentiam
743 1012 796 1053 non
821 998 999 1062 servandam.
1051 1004 1103 1061 sim
1126 1018 1177 1060 suo
1199 1012 1321 1074 tempora
1336 1000 1506 1058 celebrandis
1527 1000 1665 1057 „pertrait
1679 1010 1775 1057 vm
1792 1001 1845 1056 sup.

212 1101 253 1158 ut,
269 1093 397 1162 qnoniam
419 1090 542 1143 variatur
563 1096 704 1157 tempore,
719 1087 862 1143 devotione
880 1087 1000 1143 lidclium
1051 1103 1125 1151 mato
1138 1094 1208 1166 stylo
1220 1090 1379 1164 mnseriptn‘
1387 1091 1548 1158 direximus,
1560 1098 1590 1148 et
1601 1091 1683 1163 051
1698 1100 1728 1147 nt
1746 1106 1796 1147 ros
1809 1091 1843 1147 sd

211 1190 239 1235 et
256 1179 357 1235 assucti
370 1177 458 1233 cultos
471 1184 563 1232 careat
575 1175 715 1245 dignitate,
727 1175 835 1245 ecquod
852 1176 886 1231 de
896 1175 1001 1232 Pascha
1051 1201 1083 1242 aa
1107 1185 1266 1257 corrigenda
1288 1198 1348 1255 ιιι
1363 1198 1436 1239 nunc
1450 1181 1599 1239 insolenter
1620 1191 1765 1254 emergunt
1778 1181 1846 1237 virt.
1877 1196 1882 1221 2

211 1271 281 1326 male
303 1269 447 1335 senserint,
463 1274 659 1338 consequenltt
677 1277 706 1322 et
729 1266 763 1322 de
777 1267 953 1332 decentium,
967 1282 1001 1324 tc
1051 1274 1113 1330 liter
1129 1272 1319 1346 accingamini,
1338 1281 1368 1328 ut
1381 1285 1477 1328 revera
1491 1269 1593 1328 consu
1616 1270 1727 1337 milites,
1741 1270 1844 1326 adiren-

210 1360 371 1415 Pcntecoste
400 1360 554 1415 necessario
588 1356 731 1412 fateantur.
762 1356 840 1424 Quod
871 1357 894 1413 si
923 1356 1001 1413 nolis
1052 1371 1151 1418 umor.
1164 1361 1302 1418 Tenentur
1312 1361 1404 1432 itaque
1414 1374 1464 1431 per
1474 1374 1522 1417 uos
1534 1358 1724 1417 cedesiasticm
1732 1360 1843 1431 genium

210 1448 366 1517 objecerint.
380 1448 589 1508 Decollationem
602 1448 689 1504 sancti
704 1446 816 1504 ioannis
829 1448 930 1504 idcirco
945 1463 1000 1504 non
1051 1448 1210 1522 disciplinas,
1236 1457 1358 1522 paterne
1380 1447 1535 1506 traditionis
1555 1463 1650 1505 norma
1673 1458 1842 1520 permaneat,

210 1542 312 1597 habere
325 1540 439 1611 uigilias,
462 1540 526 1610 qrria
539 1540 573 1595 de
591 1547 712 1609 tempore
734 1540 868 1609 passionis
881 1539 999 1606 Domini,
1051 1541 1191 1614 religionis
1200 1550 1303 1598 -status
1315 1555 1332 1595 a
1345 1555 1395 1597 sua
1411 1541 1541 1613 dignitate
1560 1554 1614 1596 non
1632 1548 1753 1606 comunt,
1766 1540 1844 1611 nigor

196 1628 265 1702 'qun
286 1632 457 1686 videliacus.
480 1631 601 1701 Baptista
622 1639 778 1701 peremptus
800 1640 854 1697 est,
868 1631 895 1687 io
911 1633 1001 1703 Augu·
1051 1630 1252 1687 ecclenastiens
1265 1644 1319 1685 non
1333 1628 1483 1687 mollescat.
1495 1627 1640 1684 Enimvero
1659 1642 1714 1684 noo
1735 1629 1843 1701 ambigo

209 1733 281 1779 stoan
305 1736 424 1778 mensem
444 1710 493 1777 ex¹
504 1737 581 1777 more
607 1706 784 1785 transfertur,
805 1723 1001 1794 respondemus
1016 1716 1040 1778 B
1053 1718 1214 1792 scripturam
1228 1718 1308 1786 hanc,
1323 1718 1346 1775 si
1361 1717 1388 1775 in
1400 1732 1494 1777 eorum
1508 1732 1604 1774 manus
1618 1718 1767 1784 devenerit,
1782 1722 1843 1790 qui

173 1848 181 1858 ,
210 1829 265 1869 non
289 1820 399 1885 propter
421 1812 597 1869 mutationem
621 1811 775 1869 [celsitatis
797 1814 850 1870 hoe
865 1814 939 1880 lieri,
954 1817 1001 1871 scd
1050 1811 1102 1871 bus
1122 1820 1185 1867 sunt
1203 1824 1300 1882 perosa
1318 1808 1432 1879 ieiunia.
1447 1808 1562 1878 turuile?
1576 1808 1786 1878 minuendam·
1801 1810 1843 1866 ΑΙ)

211 1905 338 1975 qrrorninna
358 1919 419 1958 cum
438 1903 536 1974 uigiliis
552 1912 674 1960 sanctam
697 1905 865 1960 nativitatem
879 1903 938 1974 ejus
950 1919 1000 1961 ex·
1050 1899 1094 1956 his
1107 1900 1222 1964 scilicet,
1235 1898 1334 1970 quibus
1347 1904 1433 1953 tumet
1447 1906 1527 1953 uncta
1539 1897 1610 1952 cutis
1621 1907 1702 1968 atque
1716 1896 1841 1966 nitidula.

211 1993 342 2063 cepimus.
356 2004 390 2047 ne
402 1990 540 2062 popularis
561 2002 688 2063 gravetur
711 1991 863 2056 infirmitas,
883 1993 911 2048 io
930 1991 1003 2062 cins-
1051 1989 1097 2060 qui
1120 1989 1259 2046 sobrietati
1283 1988 1347 2043 dunt
1372 1986 1573 2044 inioederabiles
1593 2002 1697 2059 pugnas
1710 1986 1840 2055 inierunt,

211 2081 272 2136 ιιιι
284 2078 460 2135 decollatione
473 2079 530 2147 sola
545 2078 689 2135 nniusdiei
699 2078 870 2136 solemnitate
881 2082 1001 2138 contenti
1044 2079 1175 2139 rubentia
1188 2081 1301 2151 pingues
1311 2094 1359 2136 ora
1368 2079 1451 2151 052
1460 2079 1658 2137 flammescunt.
1673 2079 1737 2137 llihi
1749 2089 1841 2137 autera

210 2184 315 2226 snmus.
1051 2169 1153 2227 nullius
1165 2185 1268 2237 amore,
1284 2171 1326 2227 nel
1337 2171 1400 2228 odlo
1415 2179 1520 2229 rectum
1534 2170 1598 2227 licet
1613 2170 1751 2229 occultare
1768 2173 1841 2243 quod

246 2261 388 2314 Postremo
409 2260 443 2317 rie
457 2260 528 2315 beati
551 2274 659 2331 quoque
672 2260 863 2316 Bartholomaei
884 2259 1000 2333 sigiliis,
1049 2259 1153 2325 sentio;
1178 2267 1204 2315 et
1229 2260 1274 2330 goi
1295 2258 1431 2317 lulianum
1458 2258 1592 2317 Caesarem
1624 2269 1686 2318 octo
1710 2261 1840 2318 aduersus

209 2363 278 2417 ganas
299 2348 417 2403 norrnulli
438 2349 495 2419 jam
510 2348 611 2405 uiolare
632 2349 761 2418 paulatim
777 2350 925 2421 incipiunt,
945 2366 1000 2408 ιιι
1049 2348 1223 2421 Euangeliunt
1237 2350 1339 2406 Cirristi
1353 2349 1495 2421 scripsisse
1513 2349 1650 2407 solumina
1663 2365 1716 2407 ιιι
1731 2351 1839 2423 ignoro,

209 2441 314 2494 diuersa
330 2440 462 2495 annuntia
484 2450 535 2496 est
560 2440 620 2508 Quo
643 2440 771 2496 nimirum
794 2440 838 2497 die
855 2439 1001 2512 aliquando
1050 2439 1085 2496 al)
1100 2441 1143 2497 lais
1154 2441 1236 2497 etiarn
1253 2442 1299 2513 gari
1313 2442 1476 2514 evangelice
1488 2450 1552 2498 sunt
1567 2441 1714 2513 discipline
1727 2448 1839 2500 contra·

209 2529 292 2584 abbas
314 2530 439 2598 nitidam,
464 2544 517 2586 non
542 2531 642 2586 iniimis
662 2530 853 2590 comitantibus
875 2531 952 2598 viris,
965 2532 1001 2588 de
1050 2531 1094 2595 rii,
1106 2532 1325 2602 scriptiunculam
1336 2548 1424 2591 meam
1436 2534 1526 2591 verbis
1539 2534 1710 2591 mordacibus
1725 2532 1840 2590 lacerari

209 2619 362 2691 longinquis
383 2619 482 2675 linibus
500 2620 534 2676 ad
557 2636 606 2677 nos
628 2621 654 2676 io
668 2628 761 2679 eremo
777 2622 905 2693 degentes
918 2637 1000 2692 pran-
1049 2622 1204 2680 nullatenus
1223 2625 1363 2682 crubesco.
1385 2625 1483 2681 Dicant
1494 2626 1566 2681 enim
1580 2625 1618 2681 illi
1632 2638 1693 2681 cum
1715 2623 1836 2695 annuatis
1906 2650 1912 2659 ·

209 2724 256 2765 sus
278 2706 479 2769 etcoernalurus
492 2710 615 2776 advenit;
632 2710 685 2765 alia
700 2711 830 2777 nerodic,
844 2710 999 2777 festivitatis
1049 2713 1259 2771 obsonatoribus
1295 2715 1352 2772 suis
1376 2733 1383 2770 ι
1409 2734 1420 2768 r
1441 2714 1632 2772 llanducernus
1651 2723 1679 2770 et
1701 2714 1838 2780 libamus,

209 2800 315 2855 scilicet
326 2800 491 2871 apostolice,
508 2812 629 2873 matus,
643 2810 676 2857 ut
688 2802 859 2873 digressurus
875 2803 1000 2873 jentacu-
1048 2802 1194 2859 eratenim
1209 2802 1355 2859 moriemur
1366 2803 1436 2875 (lan.
1452 2802 1536 2873 xxrr);
1551 2811 1603 2859 ret
1615 2817 1665 2859 nos
1677 2817 1739 2859 eunt
1751 2803 1839 2858 serris

208 2891 264 2946 lum
287 2900 413 2961 caperet,
433 2892 524 2947 renuit
545 2891 679 2962 nullisque
704 2892 830 2963 precibus
853 2893 998 2962 acquievit.
1048 2891 1150 2951 Christi
1172 2892 1402 2962 respondeamus:
1419 2912 1429 2947 r
1445 2891 1602 2964 ieiunemus
1614 2900 1643 2949 et
1655 2907 1748 2949 meras
1768 2892 1838 2964 rigi·

210 2980 279 3044 Sed,
294 2998 311 3036 o
329 2982 409 3054 digna
431 2983 576 3040 restituens
599 2984 690 3040 divina
715 2984 864 3040 senterrtial
887 2984 945 3040 sine
969 2985 997 3041 in
1048 2983 1101 3041 lias
1122 2981 1303 3046 celebremus,
1318 2992 1348 3038 ut
1366 2982 1392 3038 in
1415 2981 1562 3040 testivitate
1582 2980 1686 3039 coelesti
1707 2981 1767 3037 aine
1781 2979 1838 3036 ins

208 3071 362 3128 eoenobiunn
386 3072 648 3138 sanuinaonialium,
669 3075 740 3144 quod
773 3085 838 3132 tunc
866 3055 1148 3143 numinculatori
1169 3071 1283 3130 leliciter
1296 3071 1461 3142 epulemorn

207 3157 267 3217 sire
278 3162 349 3233 apud
361 3147 663 3231 aliqnen’saentariom
676 3163 711 3219 ad
723 3179 899 3236 quoeeunque
913 3172 999 3222 trans·
1220 3162 1262 3222 Sit
1275 3178 1368 3219 nomen
1382 3161 1489 3219 Domini
1497 3161 1671 3219 lendium.

234 3504 412 3579 ⁸⁵³⁸⁵t
439 3523 827 3631 opuscuuun
862 3521 1461 3661 ournounousnnun
1510 3442 1796 3629 suxnun.

488 3774 541 3836 DE
553 3774 690 3837 uinxit
710 3773 837 3837 uultui
855 3774 1006 3837 ulouln
1023 3775 1076 3836 ΕΤ
1093 3771 1244 3837 SAECULl
1273 3724 1556 3837 uescentium

901 3936 1086 3959 *a

154 4069 167 4095 ⁸
210 4066 405 4120 incusserunt.
421 4063 597 4134 -ngnetem
612 4063 813 4135 imperatricem
834 4062 947 4120 Romam
970 4078 1024 4118 non
1039 4062 1157 4134 superbo
1175 4071 1318 4145 apparatu,
1333 4062 1381 4119 sed
1404 4061 1478 4118 cultu
1502 4060 1571 4117 inim
1594 4060 1707 4133 privato
1729 4061 1836 4118 feminae
1868 4070 1873 4077 '

244 4148 387 4203 personum
399 4133 502 4205 deiecto
521 4135 733 4205 ingredientem,
752 4135 786 4189 ad
802 4147 921 4205 praesepe
936 4131 1036 4188 Christi
1052 4131 1159 4189 Domini
1173 4132 1327 4197 visendum,
1343 4131 1443 4203 reginae
1459 4131 1537 4193 Sabus
1554 4138 1778 4202 comparatque
1791 4148 1836 4188 rc·

243 4204 314 4270 giam
330 4200 481 4257 Salomonis
495 4203 762 4273 magniilcennssime
781 4204 903 4274 ingressa
925 4209 977 4258 est.
993 4201 1122 4256 Eamdeln
1142 4212 1273 4272 praeterea
1288 4202 1379 4257 laudat
1392 4203 1463 4270 quod
1481 4201 1710 4284 regalespompas
1723 4200 1837 4257 miriiloa

239 4272 443 4339 contempserit.
458 4271 560 4327 Deinde
574 4272 698 4340 exemplo
709 4273 892 4327 Romanorum
905 4286 997 4342 regum
1011 4286 1043 4327 ac
1056 4280 1229 4328 externorum
1242 4270 1329 4327 lloxas
1341 4285 1401 4326 esse
1423 4271 1515 4327 mnndi
1529 4272 1556 4326 di
1595 4280 1675 4326 anates
1694 4279 1723 4325 et
1743 4270 1837 4327 multis

241 4340 442 4395 calamitatibus
461 4340 593 4395 olnoaias
605 4351 698 4422 aperte
719 4341 897 4397 demonstrat.
912 4341 1021 4396 Acriter
1038 4341 1212 4412 reprehendit
1225 4357 1273 4398 eos
1289 4340 1335 4411 qui
1353 4340 1492 4397 nobilitate
1511 4349 1540 4397 et
1574 4340 1655 4397 'vitiis
1674 4339 1835 4411 gloriantur,

242 4425 302 4464 cum
317 4408 471 4465 mortalium
485 4409 606 4465 omniurn
621 4409 692 4465 idem
705 4410 741 4465 sit
758 4420 835 4467 ortus
848 4419 930 4480 atque
941 4424 1065 4473 omasus.
1487 4434 1491 4441 ·

201 4564 205 4577 ⁴
243 4546 326 4603 Sorte
343 4546 420 4603 bone
441 4544 586 4602 volontatis
598 4547 646 4602 liei
670 4555 807 4603 coronato
820 4545 924 4602 donsrr
943 4545 1034 4608 ιιι-Ι)
1049 4544 1152 4610 tiosas;
1168 4544 1219 4601 ista
1233 4558 1300 4601 nero
1312 4559 1373 4603 carm
1388 4543 1559 4599 Hermisinde
1570 4551 1683 4615 cognata
1696 4558 1757 4608 sua,
1780 4558 1834 4600 noo

202 4638 346 4709 peratriei
359 4636 467 4694 persus
480 4646 606 4707 peccator
625 4636 773 4693 monachus
787 4636 974 4693 seruitutem·
1046 4635 1151 4706 dispari
1174 4637 1260 4691 sancti
1276 4635 1393 4706 Spiritus
1415 4634 1522 4691 lerneus
1545 4650 1686 4701 succensa,
1707 4645 1835 4707 unquam

459 4729 573 4787 CAPUT
595 4729 740 4788 Plilllilll.
1049 4724 1132 4780 llario
1150 4724 1306 4797 llagdaldna
1320 4740 1381 4781 cum
1392 4724 1478 4782 altera
1489 4725 1572 4781 ilaris
1583 4726 1735 4783 teoluntad
1746 4728 1836 4799 sepul-

234 4822 341 4891 llgnctia
351 4822 523 4892 imperatricis
539 4840 597 4877 cana
608 4823 698 4894 regino
713 4822 785 4880 Solu
797 4824 967 4893 comparatio.
1049 4829 1124 4871 clim
1135 4814 1242 4886 (utull-
1255 4830 1350 4880 milli
1363 4814 1448 4870 Hm·
1460 4815 1590 4881 illim·
1602 4815 1832 4887 ¹¹1liJ⁰⁰M¹lr

203 4940 204 4949 κ
243 4910 345 4980 Regina
359 4906 428 4964 Saba
437 4910 544 4966 venitin
555 4911 723 4967 lliernsalem
734 4912 993 4983 andiresapientiam
1047 4912 1149 4960 uultui
1167 4903 1338 4976 coleviletu
1359 4913 1510 4977 Diluntum
1528 4905 1654 4961 lomeous
1670 4915 1834 4974 emmaum,

198 4997 362 5055 salomonis
378 4996 438 5067 (lll
454 4998 518 5068 liep.
537 5014 575 5064 x;
596 4999 628 5054 ll
644 4996 737 5055 Parni.
759 5001 815 5071 rx);
837 5001 995 5070 imperatris
1047 4994 1095 5049 sed
1113 5002 1143 5048 ut
1157 4997 1239 5064 pedes
1252 4994 1311 5065 eius
1323 4994 1432 5051 llucotis
1443 4994 1556 5066 irrigent
1571 4994 1762 5067 lacrymarum.
1775 4980 1833 5050 Non

182 5070 297 5158 “lgnes
312 5085 658 5155 lloroamadiitladdiscere
672 5088 812 5144 stultitiam
836 5088 991 5145 Piscatoris.
1047 5083 1184 5155 enimiatn
1198 5091 1321 5153 querunt
1341 5085 1474 5141 nitentem
1488 5084 1687 5161 commortuis,
1708 5084 1756 5139 sed
1770 5084 1834 5139 ado-

207 5177 273 5232 liam
288 5174 541 5233 siuntPaulusait:
559 5194 569 5227 r
585 5176 858 5250 Quiaooncognerit
878 5180 993 5236 mundos
1045 5181 1138 5228 rantes
1152 5181 1244 5227 lenem
1266 5173 1377 5244 vestigia
1405 5175 1582 5244 resurgentis.
1604 5173 1726 5231 earnstn
1756 5173 1834 5244 plane

198 5280 255 5335 per
261 5265 423 5336 sapientiam
435 5266 530 5332 Ιιιιιι,
542 5264 641 5336 placuit
651 5267 707 5322 lice
716 5282 765 5336 per
774 5269 915 5326 stultitiam
926 5284 994 5340 prae·
1047 5259 1173 5317 Salomon
1188 5262 1287 5333 reginae
1299 5258 1563 5334 Sabaerqu'aestionuto
1574 5264 1695 5323 nodoset
1704 5266 1833 5336 mysteria

207 5353 350 5410 dicationis
369 5354 459 5411 salvos
473 5354 713 5413 iacerecredentes
732 5357 758 5430 (l
772 5356 834 5413 cnr,
857 5359 889 5432 ι).
909 5360 992 5428 silla,
1045 5358 1176 5437 reserarit
1191 5360 1383 5428 moigroatum;
1407 5370 1499 5417 nostra
1525 5374 1590 5417 raro
1613 5361 1708 5433 regim
1730 5361 1769 5416 nil
1782 5361 1833 5417 silai

199 5445 277 5497 sicut
290 5444 367 5501 saci-a
379 5455 492 5504 testatur
502 5447 633 5514 Historia,
646 5449 767 5522 ingressa
776 5460 819 5506 est
832 5465 894 5507 cum
908 5452 993 5509 multo
1045 5448 1112 5503 solvi
1132 5449 1291 5519 preposuit,
1312 5450 1363 5506 nini
1386 5464 1496 5507 snorum
1521 5450 1627 5507 uincula
1648 5459 1831 5521 matorum.

206 5532 336 5589 comitato
352 5543 385 5590 et
412 5536 533 5604 diuitiis,
555 5539 666 5594 camelis
689 5554 797 5611 qnoque
823 5543 993 5612 portantibus
1046 5541 1175 5596 Salomon
1190 5557 1317 5612 namque,
1330 5543 1375 5612 nari
1391 5541 1441 5598 luit
1453 5543 1537 5614 dgura
1549 5542 1649 5599 Glarisn
1665 5552 1694 5599 et
1710 5542 1834 5614 gesem

201 5631 338 5691 aromata,
353 5635 382 5680 et
402 5640 497 5683 aarum
510 5628 643 5685 inlinitum
657 5630 737 5686 umis
754 5639 782 5687 ct
796 5645 915 5702 gemmas
933 5646 993 5702 pre·
1048 5630 1121 5686 nclnt
1133 5631 1230 5702 inrogo,
1246 5632 1302 5689 sinc
1316 5633 1468 5704 propinetis,
1481 5646 1624 5704 personatu
1637 5634 1723 5691 nostri
1736 5629 1833 5688 Silta-
