<?xml version="1.0" encoding="UTF-8"?>
<!DOCTYPE html PUBLIC "-//W3C//DTD XHTML 1.0 Transitional//EN"
    "http://www.w3.org/TR/xhtml1/DTD/xhtml1-transitional.dtd">
<html xmlns="http://www.w3.org/1999/xhtml" xml:lang="en" lang="en">
 <head>
  <title>
</title>
<meta http-equiv="Content-Type" content="text/html;charset=utf-8" />
  <meta name='ocr-system' content='tesseract 3.04.00' />
  <meta name='ocr-capabilities' content='ocr_page ocr_carea ocr_par ocr_line ocrx_word'/>
</head>
<body>
  <div class='ocr_page' id='page_1' title='image "./patrologiaecurs129migngoog_0481.png"; bbox 0 0 4017 6192; ppageno 0'>
   <div class='ocr_carea' id='block_1_1' title="bbox 304 334 1479 430">
    <p class='ocr_par' dir='ltr' id='par_1_1' title="bbox 304 334 1479 430">
     <span class='ocr_line' id='line_1_1' title="bbox 304 334 1479 430; baseline -0.031 0"><span class='ocrx_word' id='word_1_1' title='bbox 304 373 362 430; x_wconf 61' lang='lat' dir='ltr'><strong>bib</strong></span> <span class='ocrx_word' id='word_1_2' title='bbox 701 356 731 414; x_wconf 77' lang='lat'><strong>8.</strong></span> <span class='ocrx_word' id='word_1_3' title='bbox 743 354 849 414; x_wconf 73' lang='lat' dir='ltr'><strong>t‘biid</strong></span> <span class='ocrx_word' id='word_1_4' title='bbox 867 348 1008 408; x_wconf 72' lang='lat' dir='ltr'><strong>ustiuhi</strong></span> <span class='ocrx_word' id='word_1_5' title='bbox 1023 350 1098 409; x_wconf 78' lang='lat' dir='ltr'><strong>OPP.</strong></span> <span class='ocrx_word' id='word_1_6' title='bbox 1110 344 1228 404; x_wconf 73' lang='lat' dir='ltr'><strong>doubs</strong></span> <span class='ocrx_word' id='word_1_7' title='bbox 1246 340 1313 399; x_wconf 78' lang='lat' dir='ltr'><strong>sub</strong></span> <span class='ocrx_word' id='word_1_8' title='bbox 1330 335 1421 396; x_wconf 75' lang='lat' dir='ltr'><strong>ihus</strong></span> <span class='ocrx_word' id='word_1_9' title='bbox 1436 334 1479 394; x_wconf 76' lang='grc' dir='ltr'><strong>Ν.</strong></span> 
     </span>
    </p>
   </div>
   <div class='ocr_carea' id='block_1_2' title="bbox 344 469 1068 4610">
    <p class='ocr_par' dir='ltr' id='par_1_2' title="bbox 344 469 1068 4610">
     <span class='ocr_line' id='line_1_2' title="bbox 416 469 816 550; baseline -0.035 -14"><span class='ocrx_word' id='word_1_10' title='bbox 416 479 479 550; x_wconf 82' lang='lat' dir='ltr'><strong>Qui,</strong></span> <span class='ocrx_word' id='word_1_11' title='bbox 493 476 583 533; x_wconf 85' lang='lat' dir='ltr'><strong>erucis</strong></span> <span class='ocrx_word' id='word_1_12' title='bbox 596 469 679 546; x_wconf 85' lang='lat' dir='ltr'><strong>praelo</strong></span> <span class='ocrx_word' id='word_1_13' title='bbox 690 483 816 539; x_wconf 86' lang='lat' dir='ltr'><strong>prossus,</strong></span> 
     </span>
     <span class='ocr_line' id='line_1_3' title="bbox 418 568 703 639; baseline -0.039 -11"><span class='ocrx_word' id='word_1_14' title='bbox 418 572 487 627; x_wconf 76' lang='lat' dir='ltr'><strong>Vino</strong></span> <span class='ocrx_word' id='word_1_15' title='bbox 502 568 574 639; x_wconf 86' lang='lat' dir='ltr'><strong>rigat</strong></span> <span class='ocrx_word' id='word_1_16' title='bbox 590 573 703 620; x_wconf 87' lang='lat' dir='ltr'><strong>arentcs</strong></span> 
     </span>
     <span class='ocr_line' id='line_1_4' title="bbox 419 656 777 731; baseline -0.034 -14"><span class='ocrx_word' id='word_1_17' title='bbox 419 661 512 718; x_wconf 83' lang='lat' dir='ltr'><strong>Sancti</strong></span> <span class='ocrx_word' id='word_1_18' title='bbox 524 656 642 731; x_wconf 77' lang='lat' dir='ltr'>Spiritus</span> <span class='ocrx_word' id='word_1_19' title='bbox 656 660 777 709; x_wconf 85' lang='lat' dir='ltr'><strong>utentes.</strong></span> 
     </span>
     <span class='ocr_line' id='line_1_5' title="bbox 417 740 754 806; baseline -0.033 1"><span class='ocrx_word' id='word_1_20' title='bbox 417 740 419 747; x_wconf 71' lang='grc'>’</span> <span class='ocrx_word' id='word_1_21' title='bbox 453 750 489 806; x_wconf 80' lang='lat' dir='ltr'><strong>Es</strong></span> <span class='ocrx_word' id='word_1_22' title='bbox 501 758 527 804; x_wconf 89' lang='lat' dir='ltr'><strong>et</strong></span> <span class='ocrx_word' id='word_1_23' title='bbox 542 756 614 802; x_wconf 87' lang='lat' dir='ltr'><strong>terra</strong></span> <span class='ocrx_word' id='word_1_24' title='bbox 629 742 754 800; x_wconf 85' lang='lat' dir='ltr'><strong>coelestis</strong></span> 
     </span>
     <span class='ocr_line' id='line_1_6' title="bbox 421 832 760 896; baseline -0.032 1"><span class='ocrx_word' id='word_1_25' title='bbox 421 840 509 896; x_wconf 75' lang='lat' dir='ltr'><strong>Feras</strong></span> <span class='ocrx_word' id='word_1_26' title='bbox 521 837 599 892; x_wconf 85' lang='lat' dir='ltr'><strong>iactis</strong></span> <span class='ocrx_word' id='word_1_27' title='bbox 610 844 639 892; x_wconf 88' lang='lat' dir='ltr'><strong>et</strong></span> <span class='ocrx_word' id='word_1_28' title='bbox 649 832 741 891; x_wconf 84' lang='lat' dir='ltr'><strong>mettis</strong></span> <span class='ocrx_word' id='word_1_29' title='bbox 753 849 760 886; x_wconf 90' lang='lat'>:</span> 
     </span>
     <span class='ocr_line' id='line_1_7' title="bbox 420 926 730 1001; baseline -0.023 -15"><span class='ocrx_word' id='word_1_30' title='bbox 420 931 461 986; x_wconf 74' lang='lat' dir='ltr'><strong>iix</strong></span> <span class='ocrx_word' id='word_1_31' title='bbox 474 944 528 1001; x_wconf 84' lang='lat' dir='ltr'><strong>qua</strong></span> <span class='ocrx_word' id='word_1_32' title='bbox 543 926 651 984; x_wconf 79' lang='lat' dir='ltr'><strong>Veritas</strong></span> <span class='ocrx_word' id='word_1_33' title='bbox 669 933 730 982; x_wconf 88' lang='lat' dir='ltr'><strong>orta</strong></span> 
     </span>
     <span class='ocr_line' id='line_1_8' title="bbox 420 1018 768 1086; baseline -0.032 -7"><span class='ocrx_word' id='word_1_34' title='bbox 420 1022 501 1079; x_wconf 81' lang='lat' dir='ltr'><strong>Tollit</strong></span> <span class='ocrx_word' id='word_1_35' title='bbox 515 1031 642 1077; x_wconf 90' lang='lat' dir='ltr'><strong>errorum</strong></span> <span class='ocrx_word' id='word_1_36' title='bbox 658 1018 768 1086; x_wconf 87' lang='lat' dir='ltr'><strong>dogma.</strong></span> 
     </span>
     <span class='ocr_line' id='line_1_9' title="bbox 455 1108 720 1170; baseline -0.03 0"><span class='ocrx_word' id='word_1_37' title='bbox 455 1116 553 1170; x_wconf 73' lang='lat' dir='ltr'><strong>Arcem</strong></span> <span class='ocrx_word' id='word_1_38' title='bbox 568 1108 720 1167; x_wconf 91' lang='lat' dir='ltr'><strong>nobilitatis</strong></span> 
     </span>
     <span class='ocr_line' id='line_1_10' title="bbox 422 1192 775 1264; baseline -0.006 -15"><span class='ocrx_word' id='word_1_39' title='bbox 422 1194 461 1249; x_wconf 76' lang='lat' dir='ltr'><strong>De</strong></span> <span class='ocrx_word' id='word_1_40' title='bbox 474 1200 560 1264; x_wconf 74' lang='lat' dir='ltr'><strong>protis</strong></span> <span class='ocrx_word' id='word_1_41' title='bbox 572 1197 661 1261; x_wconf 74' lang='lat' dir='ltr'><strong>stirpe</strong></span> <span class='ocrx_word' id='word_1_42' title='bbox 674 1192 775 1247; x_wconf 75' lang='lat' dir='ltr'><strong>trahis·</strong></span> 
     </span>
     <span class='ocr_line' id='line_1_11' title="bbox 425 1282 743 1355; baseline -0.019 -15"><span class='ocrx_word' id='word_1_43' title='bbox 425 1285 494 1340; x_wconf 84' lang='lat' dir='ltr'><strong>Filia</strong></span> <span class='ocrx_word' id='word_1_44' title='bbox 505 1282 615 1355; x_wconf 83' lang='lat' dir='ltr'><strong>guidem</strong></span> <span class='ocrx_word' id='word_1_45' title='bbox 632 1294 743 1354; x_wconf 90' lang='lat' dir='ltr'><strong>regum,</strong></span> 
     </span>
     <span class='ocr_line' id='line_1_12' title="bbox 427 1370 795 1442; baseline -0.027 -11"><span class='ocrx_word' id='word_1_46' title='bbox 427 1375 482 1432; x_wconf 84' lang='lat' dir='ltr'><strong>Sed</strong></span> <span class='ocrx_word' id='word_1_47' title='bbox 497 1372 584 1429; x_wconf 90' lang='lat' dir='ltr'><strong>llatcr</strong></span> <span class='ocrx_word' id='word_1_48' title='bbox 597 1370 680 1442; x_wconf 82' lang='lat' dir='ltr'><strong>Regis</strong></span> <span class='ocrx_word' id='word_1_49' title='bbox 690 1382 795 1440; x_wconf 87' lang='lat' dir='ltr'><strong>regum.</strong></span> 
     </span>
     <span class='ocr_line' id='line_1_13' title="bbox 459 1457 887 1539; baseline -0.04 -14"><span class='ocrx_word' id='word_1_50' title='bbox 459 1467 512 1539; x_wconf 70' lang='lat'><strong>23</strong></span> <span class='ocrx_word' id='word_1_51' title='bbox 531 1466 613 1522; x_wconf 86' lang='lat' dir='ltr'><strong>Salro</strong></span> <span class='ocrx_word' id='word_1_52' title='bbox 623 1506 630 1531; x_wconf 92' lang='lat'><strong>,</strong></span> <span class='ocrx_word' id='word_1_53' title='bbox 642 1463 698 1533; x_wconf 80' lang='lat' dir='ltr'><strong>iarn</strong></span> <span class='ocrx_word' id='word_1_54' title='bbox 714 1461 797 1532; x_wconf 78' lang='lat' dir='ltr'><strong>Virgo</strong></span> <span class='ocrx_word' id='word_1_55' title='bbox 811 1457 887 1521; x_wconf 80' lang='lat' dir='ltr'><strong>ieta,</strong></span> 
     </span>
     <span class='ocr_line' id='line_1_14' title="bbox 424 1555 718 1629; baseline -0.024 -15"><span class='ocrx_word' id='word_1_56' title='bbox 424 1560 500 1626; x_wconf 79' lang='lat' dir='ltr'><strong>hue,</strong></span> <span class='ocrx_word' id='word_1_57' title='bbox 515 1557 604 1629; x_wconf 86' lang='lat' dir='ltr'><strong>gratia</strong></span> <span class='ocrx_word' id='word_1_58' title='bbox 619 1555 718 1627; x_wconf 88' lang='lat' dir='ltr'><strong>plena:</strong></span> 
     </span>
     <span class='ocr_line' id='line_1_15' title="bbox 423 1642 764 1715; baseline -0.021 -10"><span class='ocrx_word' id='word_1_59' title='bbox 423 1648 550 1705; x_wconf 84' lang='lat' dir='ltr'><strong>liostrum</strong></span> <span class='ocrx_word' id='word_1_60' title='bbox 566 1660 615 1702; x_wconf 85' lang='lat' dir='ltr'><strong>are</strong></span> <span class='ocrx_word' id='word_1_61' title='bbox 628 1642 764 1715; x_wconf 87' lang='lat' dir='ltr'><strong>digneris,</strong></span> 
     </span>
     <span class='ocr_line' id='line_1_16' title="bbox 426 1732 704 1793; baseline -0.025 0"><span class='ocrx_word' id='word_1_62' title='bbox 426 1736 461 1793; x_wconf 90' lang='lat' dir='ltr'><strong>Ut</strong></span> <span class='ocrx_word' id='word_1_63' title='bbox 481 1735 546 1792; x_wconf 91' lang='lat' dir='ltr'><strong>illud</strong></span> <span class='ocrx_word' id='word_1_64' title='bbox 559 1732 704 1792; x_wconf 87' lang='lat' dir='ltr'><strong>Gabrielis.</strong></span> 
     </span>
     <span class='ocr_line' id='line_1_17' title="bbox 458 1821 770 1893; baseline -0.035 -9"><span class='ocrx_word' id='word_1_65' title='bbox 458 1827 521 1893; x_wconf 83' lang='lat' dir='ltr'><strong>ille,</strong></span> <span class='ocrx_word' id='word_1_66' title='bbox 536 1827 599 1883; x_wconf 91' lang='lat' dir='ltr'><strong>dum</strong></span> <span class='ocrx_word' id='word_1_67' title='bbox 614 1835 640 1881; x_wconf 85' lang='lat' dir='ltr'><strong>te</strong></span> <span class='ocrx_word' id='word_1_68' title='bbox 654 1821 770 1887; x_wconf 82' lang='lat' dir='ltr'><strong>salutat,</strong></span> 
     </span>
     <span class='ocr_line' id='line_1_18' title="bbox 424 1919 794 1977; baseline -0.03 -1"><span class='ocrx_word' id='word_1_69' title='bbox 424 1919 488 1975; x_wconf 83' lang='lat' dir='ltr'><strong>Euae</strong></span> <span class='ocrx_word' id='word_1_70' title='bbox 501 1932 601 1974; x_wconf 88' lang='lat' dir='ltr'><strong>nouren</strong></span> <span class='ocrx_word' id='word_1_71' title='bbox 615 1919 794 1977; x_wconf 56' lang='lat' dir='ltr'><strong>commutat;¹</strong></span> 
     </span>
     <span class='ocr_line' id='line_1_19' title="bbox 428 2006 823 2078; baseline -0.03 -10"><span class='ocrx_word' id='word_1_72' title='bbox 428 2010 521 2067; x_wconf 83' lang='lat' dir='ltr'><strong>Reduc</strong></span> <span class='ocrx_word' id='word_1_73' title='bbox 535 2023 596 2074; x_wconf 90' lang='lat' dir='ltr'><strong>nos,</strong></span> <span class='ocrx_word' id='word_1_74' title='bbox 608 2006 692 2078; x_wconf 77' lang='lat' dir='ltr'><strong>ungo</strong></span> <span class='ocrx_word' id='word_1_75' title='bbox 708 2010 823 2067; x_wconf 88' lang='lat' dir='ltr'><strong>sancta,</strong></span> 
     </span>
     <span class='ocr_line' id='line_1_20' title="bbox 425 2092 787 2166; baseline -0.033 -8"><span class='ocrx_word' id='word_1_76' title='bbox 425 2099 503 2158; x_wconf 87' lang='lat' dir='ltr'><strong>Unde</strong></span> <span class='ocrx_word' id='word_1_77' title='bbox 512 2104 556 2154; x_wconf 97' lang='grc' dir='ltr'><strong>εει</strong></span> <span class='ocrx_word' id='word_1_78' title='bbox 569 2108 687 2166; x_wconf 81' lang='lat' dir='ltr'>nequam</span> <span class='ocrx_word' id='word_1_79' title='bbox 702 2092 787 2163; x_wconf 90' lang='lat' dir='ltr'><strong>lapsa.</strong></span> 
     </span>
     <span class='ocr_line' id='line_1_21' title="bbox 460 2185 815 2261; baseline -0.034 -12"><span class='ocrx_word' id='word_1_80' title='bbox 460 2193 501 2249; x_wconf 83' lang='lat' dir='ltr'><strong>Tu</strong></span> <span class='ocrx_word' id='word_1_81' title='bbox 514 2190 589 2248; x_wconf 82' lang='lat' dir='ltr'><strong>solue</strong></span> <span class='ocrx_word' id='word_1_82' title='bbox 600 2185 673 2261; x_wconf 87' lang='lat' dir='ltr'><strong>quod</strong></span> <span class='ocrx_word' id='word_1_83' title='bbox 684 2185 815 2245; x_wconf 87' lang='lat' dir='ltr'><strong>debemus</strong></span> 
     </span>
     <span class='ocr_line' id='line_1_22' title="bbox 424 2279 769 2353; baseline -0.032 -11"><span class='ocrx_word' id='word_1_84' title='bbox 424 2288 523 2342; x_wconf 83' lang='lat' dir='ltr'><strong>duerte</strong></span> <span class='ocrx_word' id='word_1_85' title='bbox 539 2279 610 2353; x_wconf 88' lang='lat' dir='ltr'><strong>quod</strong></span> <span class='ocrx_word' id='word_1_86' title='bbox 626 2280 769 2340; x_wconf 80' lang='lat' dir='ltr'><strong>timemus,</strong></span> 
     </span>
     <span class='ocr_line' id='line_1_23' title="bbox 423 2368 786 2444; baseline -0.036 -13"><span class='ocrx_word' id='word_1_87' title='bbox 423 2375 541 2444; x_wconf 88' lang='lat' dir='ltr'><strong>impetra</strong></span> <span class='ocrx_word' id='word_1_88' title='bbox 557 2368 629 2441; x_wconf 86' lang='lat' dir='ltr'><strong>quod</strong></span> <span class='ocrx_word' id='word_1_89' title='bbox 642 2376 786 2438; x_wconf 90' lang='lat' dir='ltr'><strong>optamus,</strong></span> 
     </span>
     <span class='ocr_line' id='line_1_24' title="bbox 424 2460 779 2533; baseline -0.034 -10"><span class='ocrx_word' id='word_1_90' title='bbox 424 2464 529 2523; x_wconf 84' lang='lat' dir='ltr'><strong>Perlice</strong></span> <span class='ocrx_word' id='word_1_91' title='bbox 542 2460 614 2533; x_wconf 83' lang='lat' dir='ltr'><strong>quod</strong></span> <span class='ocrx_word' id='word_1_92' title='bbox 628 2473 779 2529; x_wconf 87' lang='lat' dir='ltr'><strong>speramns.</strong></span> 
     </span>
     <span class='ocr_line' id='line_1_25' title="bbox 459 2546 723 2613; baseline -0.042 -2"><span class='ocrx_word' id='word_1_93' title='bbox 459 2553 501 2611; x_wconf 89' lang='lat' dir='ltr'><strong>sn</strong></span> <span class='ocrx_word' id='word_1_94' title='bbox 512 2552 571 2608; x_wconf 89' lang='lat' dir='ltr'><strong>laus</strong></span> <span class='ocrx_word' id='word_1_95' title='bbox 581 2546 723 2613; x_wconf 84' lang='lat' dir='ltr'><strong>Trinitati,</strong></span> 
     </span>
     <span class='ocr_line' id='line_1_26' title="bbox 422 2636 697 2703; baseline -0.036 0"><span class='ocrx_word' id='word_1_96' title='bbox 422 2643 466 2702; x_wconf 86' lang='lat' dir='ltr'><strong>sn</strong></span> <span class='ocrx_word' id='word_1_97' title='bbox 477 2643 562 2699; x_wconf 88' lang='lat' dir='ltr'><strong>decus</strong></span> <span class='ocrx_word' id='word_1_98' title='bbox 577 2636 697 2703; x_wconf 88' lang='lat' dir='ltr'><strong>Unitati,</strong></span> 
     </span>
     <span class='ocr_line' id='line_1_27' title="bbox 423 2728 752 2790; baseline -0.033 0"><span class='ocrx_word' id='word_1_99' title='bbox 423 2732 529 2790; x_wconf 75' lang='lat' dir='ltr'><strong>enitor</strong></span> <span class='ocrx_word' id='word_1_100' title='bbox 542 2737 570 2786; x_wconf 89' lang='lat' dir='ltr'><strong>et</strong></span> <span class='ocrx_word' id='word_1_101' title='bbox 581 2728 648 2787; x_wconf 90' lang='lat' dir='ltr'><strong>ordo</strong></span> <span class='ocrx_word' id='word_1_102' title='bbox 660 2740 752 2782; x_wconf 89' lang='lat' dir='ltr'><strong>rorum</strong></span> 
     </span>
     <span class='ocr_line' id='line_1_28' title="bbox 423 2814 882 2887; baseline -0.035 -8"><span class='ocrx_word' id='word_1_103' title='bbox 423 2822 476 2878; x_wconf 82' lang='lat' dir='ltr'><strong>Per</strong></span> <span class='ocrx_word' id='word_1_104' title='bbox 490 2833 570 2876; x_wconf 89' lang='lat' dir='ltr'><strong>omne</strong></span> <span class='ocrx_word' id='word_1_105' title='bbox 585 2824 660 2887; x_wconf 91' lang='lat' dir='ltr'><strong>patet</strong></span> <span class='ocrx_word' id='word_1_106' title='bbox 671 2827 769 2868; x_wconf 80' lang='lat' dir='ltr'><strong>mrum.</strong></span> <span class='ocrx_word' id='word_1_107' title='bbox 788 2814 882 2868; x_wconf 78' lang='lat' dir='ltr'><strong>dinen.</strong></span> 
     </span>
     <span class='ocr_line' id='line_1_29' title="bbox 351 2897 1068 2981; baseline -0.025 -12"><span class='ocrx_word' id='word_1_108' title='bbox 351 2910 431 2969; x_wconf 76' lang='lat' dir='ltr'><strong>thil.</strong></span> <span class='ocrx_word' id='word_1_109' title='bbox 452 2909 595 2981; x_wconf 80' lang='lat' dir='ltr'><strong>erprlrmut</strong></span> <span class='ocrx_word' id='word_1_110' title='bbox 609 2905 642 2960; x_wconf 81' lang='lat' dir='ltr'><strong>de</strong></span> <span class='ocrx_word' id='word_1_111' title='bbox 658 2902 750 2960; x_wconf 83' lang='lat' dir='ltr'><strong>eadent</strong></span> <span class='ocrx_word' id='word_1_112' title='bbox 763 2901 929 2955; x_wconf 80' lang='lat' dir='ltr'><strong>sanctissimo</strong></span> <span class='ocrx_word' id='word_1_113' title='bbox 949 2897 1068 2971; x_wconf 78' lang='lat' dir='ltr'><strong>Virgine.</strong></span> 
     </span>
     <span class='ocr_line' id='line_1_30' title="bbox 389 2992 909 3069; baseline -0.033 -11"><span class='ocrx_word' id='word_1_114' title='bbox 389 3001 456 3069; x_wconf 81' lang='lat' dir='ltr'><strong>Quis</strong></span> <span class='ocrx_word' id='word_1_115' title='bbox 469 3009 511 3057; x_wconf 88' lang='lat' dir='ltr'><strong>est</strong></span> <span class='ocrx_word' id='word_1_116' title='bbox 522 2997 568 3054; x_wconf 93' lang='lat' dir='ltr'><strong>bic</strong></span> <span class='ocrx_word' id='word_1_117' title='bbox 582 3011 629 3067; x_wconf 86' lang='lat' dir='ltr'><strong>qur</strong></span> <span class='ocrx_word' id='word_1_118' title='bbox 644 2992 733 3066; x_wconf 83' lang='lat' dir='ltr'><strong>pulsat</strong></span> <span class='ocrx_word' id='word_1_119' title='bbox 747 2993 782 3047; x_wconf 89' lang='lat' dir='ltr'><strong>ad</strong></span> <span class='ocrx_word' id='word_1_120' title='bbox 794 3000 909 3055; x_wconf 82' lang='lat' dir='ltr'><strong>ostrum,</strong></span> 
     </span>
     <span class='ocr_line' id='line_1_31' title="bbox 353 3081 746 3158; baseline -0.031 -9"><span class='ocrx_word' id='word_1_121' title='bbox 353 3090 445 3148; x_wconf 76' lang='lat' dir='ltr'><strong>Noctis</strong></span> <span class='ocrx_word' id='word_1_122' title='bbox 460 3100 588 3158; x_wconf 86' lang='lat' dir='ltr'><strong>rumpens</strong></span> <span class='ocrx_word' id='word_1_123' title='bbox 601 3081 746 3141; x_wconf 81' lang='lat' dir='ltr'><strong>somnum?</strong></span> 
     </span>
     <span class='ocr_line' id='line_1_32' title="bbox 351 3171 892 3248; baseline -0.03 -9"><span class='ocrx_word' id='word_1_124' title='bbox 351 3183 394 3239; x_wconf 87' lang='lat' dir='ltr'><strong>lle</strong></span> <span class='ocrx_word' id='word_1_125' title='bbox 409 3187 497 3245; x_wconf 82' lang='lat' dir='ltr'><strong>uocat,</strong></span> <span class='ocrx_word' id='word_1_126' title='bbox 512 3192 530 3236; x_wconf 98' lang='lat' dir='ltr'><strong>o</strong></span> <span class='ocrx_word' id='word_1_127' title='bbox 546 3175 681 3248; x_wconf 85' lang='lat' dir='ltr'><strong>uirginum</strong></span> <span class='ocrx_word' id='word_1_128' title='bbox 695 3171 892 3246; x_wconf 86' lang='lat' dir='ltr'><strong>pulcherrima,</strong></span> 
     </span>
     <span class='ocr_line' id='line_1_33' title="bbox 351 3263 937 3341; baseline -0.024 -11"><span class='ocrx_word' id='word_1_129' title='bbox 351 3274 445 3338; x_wconf 87' lang='lat' dir='ltr'><strong>Soror,</strong></span> <span class='ocrx_word' id='word_1_130' title='bbox 459 3267 569 3341; x_wconf 70' lang='lat' dir='ltr'><strong>coniux,</strong></span> <span class='ocrx_word' id='word_1_131' title='bbox 584 3280 690 3339; x_wconf 84' lang='lat' dir='ltr'><strong>gemma</strong></span> <span class='ocrx_word' id='word_1_132' title='bbox 705 3263 937 3336; x_wconf 79' lang='lat' dir='ltr'><strong>splendidissima!</strong></span> 
     </span>
     <span class='ocr_line' id='line_1_34' title="bbox 350 3352 819 3430; baseline -0.034 -11"><span class='ocrx_word' id='word_1_133' title='bbox 350 3361 412 3419; x_wconf 88' lang='lat' dir='ltr'><strong>Cito</strong></span> <span class='ocrx_word' id='word_1_134' title='bbox 426 3372 540 3430; x_wconf 87' lang='lat' dir='ltr'><strong>surgens</strong></span> <span class='ocrx_word' id='word_1_135' title='bbox 554 3355 641 3428; x_wconf 89' lang='lat' dir='ltr'><strong>aperi,</strong></span> <span class='ocrx_word' id='word_1_136' title='bbox 654 3352 819 3410; x_wconf 87' lang='lat' dir='ltr'><strong>dulcissima.</strong></span> 
     </span>
     <span class='ocr_line' id='line_1_35' title="bbox 387 3444 842 3524; baseline -0.024 -15"><span class='ocrx_word' id='word_1_137' title='bbox 387 3453 445 3524; x_wconf 83' lang='lat' dir='ltr'><strong>Ego</strong></span> <span class='ocrx_word' id='word_1_138' title='bbox 454 3465 515 3507; x_wconf 91' lang='lat' dir='ltr'><strong>sum</strong></span> <span class='ocrx_word' id='word_1_139' title='bbox 526 3445 627 3506; x_wconf 85' lang='lat' dir='ltr'><strong>summi</strong></span> <span class='ocrx_word' id='word_1_140' title='bbox 643 3445 725 3518; x_wconf 85' lang='lat' dir='ltr'><strong>liegis</strong></span> <span class='ocrx_word' id='word_1_141' title='bbox 738 3444 842 3511; x_wconf 75' lang='lat' dir='ltr'><strong>l&#39;ilius,</strong></span> 
     </span>
     <span class='ocr_line' id='line_1_36' title="bbox 350 3537 710 3608; baseline -0.019 -9"><span class='ocrx_word' id='word_1_142' title='bbox 350 3543 470 3608; x_wconf 78' lang='lat' dir='ltr'>Primus,</span> <span class='ocrx_word' id='word_1_143' title='bbox 489 3548 518 3596; x_wconf 88' lang='lat' dir='ltr'><strong>ct</strong></span> <span class='ocrx_word' id='word_1_144' title='bbox 532 3537 710 3602; x_wconf 59' lang='lat' dir='ltr'><strong>nouissimum</strong></span> 
     </span>
     <span class='ocr_line' id='line_1_37' title="bbox 349 3626 871 3703; baseline -0.017 -12"><span class='ocrx_word' id='word_1_145' title='bbox 349 3634 402 3703; x_wconf 75' lang='lat' dir='ltr'><strong>Qui</strong></span> <span class='ocrx_word' id='word_1_146' title='bbox 414 3633 447 3689; x_wconf 85' lang='lat' dir='ltr'><strong>de</strong></span> <span class='ocrx_word' id='word_1_147' title='bbox 461 3630 539 3689; x_wconf 89' lang='lat' dir='ltr'><strong>coelis</strong></span> <span class='ocrx_word' id='word_1_148' title='bbox 549 3629 576 3685; x_wconf 91' lang='lat' dir='ltr'><strong>iu</strong></span> <span class='ocrx_word' id='word_1_149' title='bbox 592 3629 642 3684; x_wconf 93' lang='lat' dir='ltr'><strong>has</strong></span> <span class='ocrx_word' id='word_1_150' title='bbox 656 3626 717 3682; x_wconf 85' lang='lat' dir='ltr'><strong>reni</strong></span> <span class='ocrx_word' id='word_1_151' title='bbox 731 3627 871 3693; x_wconf 69' lang='lat' dir='ltr'><strong>marcinus,</strong></span> 
     </span>
     <span class='ocr_line' id='line_1_38' title="bbox 348 3717 794 3792; baseline -0.018 -10"><span class='ocrx_word' id='word_1_152' title='bbox 348 3726 478 3782; x_wconf 81' lang='lat' dir='ltr'><strong>liberare</strong></span> <span class='ocrx_word' id='word_1_153' title='bbox 492 3721 662 3792; x_wconf 83' lang='lat' dir='ltr'><strong>captiuorum</strong></span> <span class='ocrx_word' id='word_1_154' title='bbox 673 3717 794 3783; x_wconf 79' lang='lat' dir='ltr'><strong>animas,</strong></span> 
     </span>
     <span class='ocr_line' id='line_1_39' title="bbox 350 3807 867 3880; baseline -0.015 -7"><span class='ocrx_word' id='word_1_155' title='bbox 350 3817 451 3873; x_wconf 78' lang='lat' dir='ltr'><strong>Passus</strong></span> <span class='ocrx_word' id='word_1_156' title='bbox 464 3821 579 3870; x_wconf 90' lang='lat' dir='ltr'><strong>mortem</strong></span> <span class='ocrx_word' id='word_1_157' title='bbox 592 3817 620 3866; x_wconf 89' lang='grc' dir='ltr'><strong>ει</strong></span> <span class='ocrx_word' id='word_1_158' title='bbox 632 3807 731 3867; x_wconf 81' lang='lat' dir='ltr'><strong>utititas</strong></span> <span class='ocrx_word' id='word_1_159' title='bbox 745 3808 867 3880; x_wconf 83' lang='lat' dir='ltr'><strong>injurias.</strong></span> 
     </span>
     <span class='ocr_line' id='line_1_40' title="bbox 385 3899 813 3979; baseline -0.026 -14"><span class='ocrx_word' id='word_1_160' title='bbox 385 3905 446 3965; x_wconf 80' lang='lat' dir='ltr'><strong>lios</strong></span> <span class='ocrx_word' id='word_1_161' title='bbox 460 3917 510 3979; x_wconf 84' lang='lat' dir='ltr'><strong>ego</strong></span> <span class='ocrx_word' id='word_1_162' title='bbox 523 3900 655 3972; x_wconf 79' lang='lat' dir='ltr'>dereliqui</span> <span class='ocrx_word' id='word_1_163' title='bbox 666 3899 792 3957; x_wconf 84' lang='lat' dir='ltr'><strong>lectulum</strong></span> <span class='ocrx_word' id='word_1_164' title='bbox 805 3940 813 3966; x_wconf 93' lang='lat'><strong>,</strong></span> 
     </span>
     <span class='ocr_line' id='line_1_41' title="bbox 349 3990 684 4065; baseline -0.036 -8"><span class='ocrx_word' id='word_1_165' title='bbox 349 3996 464 4057; x_wconf 82' lang='lat' dir='ltr'><strong>Cucurri</strong></span> <span class='ocrx_word' id='word_1_166' title='bbox 477 3993 512 4050; x_wconf 87' lang='lat' dir='ltr'><strong>ad</strong></span> <span class='ocrx_word' id='word_1_167' title='bbox 524 3990 662 4065; x_wconf 88' lang='lat' dir='ltr'><strong>pessulum</strong></span> <span class='ocrx_word' id='word_1_168' title='bbox 676 4006 684 4045; x_wconf 74' lang='lat' dir='ltr'><strong>a</strong></span> 
     </span>
     <span class='ocr_line' id='line_1_42' title="bbox 351 4084 809 4153; baseline -0.026 -4"><span class='ocrx_word' id='word_1_169' title='bbox 351 4090 388 4149; x_wconf 88' lang='lat' dir='ltr'><strong>Ut</strong></span> <span class='ocrx_word' id='word_1_170' title='bbox 401 4088 501 4147; x_wconf 88' lang='lat' dir='ltr'><strong>dilecto</strong></span> <span class='ocrx_word' id='word_1_171' title='bbox 515 4092 572 4142; x_wconf 90' lang='lat' dir='ltr'><strong>tota</strong></span> <span class='ocrx_word' id='word_1_172' title='bbox 586 4084 683 4142; x_wconf 85' lang='lat' dir='ltr'><strong>domus</strong></span> <span class='ocrx_word' id='word_1_173' title='bbox 697 4090 809 4153; x_wconf 84' lang='lat' dir='ltr'><strong>pateat,</strong></span> 
     </span>
     <span class='ocr_line' id='line_1_43' title="bbox 346 4174 842 4247; baseline -0.02 -9"><span class='ocrx_word' id='word_1_174' title='bbox 346 4182 384 4238; x_wconf 79' lang='lat' dir='ltr'><strong>Et</strong></span> <span class='ocrx_word' id='word_1_175' title='bbox 396 4195 473 4237; x_wconf 88' lang='lat' dir='ltr'><strong>mens</strong></span> <span class='ocrx_word' id='word_1_176' title='bbox 485 4189 546 4235; x_wconf 85' lang='lat' dir='ltr'><strong>mea</strong></span> <span class='ocrx_word' id='word_1_177' title='bbox 559 4175 716 4247; x_wconf 86' lang='lat' dir='ltr'><strong>plenissime</strong></span> <span class='ocrx_word' id='word_1_178' title='bbox 732 4174 842 4242; x_wconf 83' lang='lat' dir='ltr'><strong>uideat,</strong></span> 
     </span>
     <span class='ocr_line' id='line_1_44' title="bbox 346 4268 821 4342; baseline -0.015 -12"><span class='ocrx_word' id='word_1_179' title='bbox 346 4275 434 4342; x_wconf 79' lang='lat' dir='ltr'><strong>Quem</strong></span> <span class='ocrx_word' id='word_1_180' title='bbox 444 4272 537 4328; x_wconf 83' lang='lat' dir='ltr'><strong>uidere</strong></span> <span class='ocrx_word' id='word_1_181' title='bbox 548 4271 665 4326; x_wconf 82' lang='lat' dir='ltr'><strong>maxime</strong></span> <span class='ocrx_word' id='word_1_182' title='bbox 676 4268 821 4325; x_wconf 76' lang='lat' dir='ltr'><strong>desiderat</strong></span> 
     </span>
     <span class='ocr_line' id='line_1_45' title="bbox 382 4356 798 4430; baseline -0.01 -13"><span class='ocrx_word' id='word_1_183' title='bbox 382 4362 419 4417; x_wconf 82' lang='lat' dir='ltr'><strong>ht</strong></span> <span class='ocrx_word' id='word_1_184' title='bbox 432 4360 477 4417; x_wconf 88' lang='lat' dir='ltr'><strong>illc</strong></span> <span class='ocrx_word' id='word_1_185' title='bbox 489 4357 547 4430; x_wconf 85' lang='lat' dir='ltr'><strong>lam</strong></span> <span class='ocrx_word' id='word_1_186' title='bbox 563 4357 625 4413; x_wconf 90' lang='lat' dir='ltr'><strong>inde</strong></span> <span class='ocrx_word' id='word_1_187' title='bbox 639 4356 798 4413; x_wconf 82' lang='lat' dir='ltr'><strong>transierat.</strong></span> 
     </span>
     <span class='ocr_line' id='line_1_46' title="bbox 344 4447 627 4517; baseline -0.032 -8"><span class='ocrx_word' id='word_1_188' title='bbox 344 4450 455 4510; x_wconf 76' lang='lat' dir='ltr'><strong>usuum</strong></span> <span class='ocrx_word' id='word_1_189' title='bbox 468 4447 627 4517; x_wconf 82' lang='lat' dir='ltr'><strong>rebquerat.</strong></span> 
     </span>
     <span class='ocr_line' id='line_1_47' title="bbox 348 4534 908 4610; baseline -0.013 -12"><span class='ocrx_word' id='word_1_190' title='bbox 348 4540 418 4610; x_wconf 80' lang='lat' dir='ltr'><strong>Quid</strong></span> <span class='ocrx_word' id='word_1_191' title='bbox 428 4553 504 4610; x_wconf 83' lang='lat' dir='ltr'><strong>crgo,</strong></span> <span class='ocrx_word' id='word_1_192' title='bbox 515 4536 681 4603; x_wconf 85' lang='lat' dir='ltr'><strong>miserrima,</strong></span> <span class='ocrx_word' id='word_1_193' title='bbox 694 4534 759 4604; x_wconf 79' lang='lat' dir='ltr'><strong>quiid</strong></span> <span class='ocrx_word' id='word_1_194' title='bbox 771 4534 908 4591; x_wconf 87' lang='lat' dir='ltr'><strong>lacercmi</strong></span> 
     </span>
    </p>
   </div>
   <div class='ocr_carea' id='block_1_3' title="bbox 346 4626 914 4794">
    <p class='ocr_par' dir='ltr' id='par_1_3' title="bbox 346 4626 914 4794">
     <span class='ocr_line' id='line_1_48' title="bbox 346 4626 876 4708; baseline -0.023 -15"><span class='ocrx_word' id='word_1_195' title='bbox 346 4630 537 4708; x_wconf 70' lang='lat' dir='ltr'><strong>lacrymando</strong></span> <span class='ocrx_word' id='word_1_196' title='bbox 551 4644 611 4688; x_wconf 90' lang='lat' dir='ltr'><strong>sum</strong></span> <span class='ocrx_word' id='word_1_197' title='bbox 625 4639 721 4691; x_wconf 83' lang='lat' dir='ltr'><strong>secuta</strong></span> <span class='ocrx_word' id='word_1_198' title='bbox 732 4626 876 4698; x_wconf 79' lang='lat' dir='ltr'><strong>juvenem,</strong></span> 
     </span>
     <span class='ocr_line' id='line_1_49' title="bbox 348 4717 914 4794; baseline -0.021 -11"><span class='ocrx_word' id='word_1_199' title='bbox 348 4725 444 4783; x_wconf 71' lang='lat' dir='ltr'><strong>Manus</strong></span> <span class='ocrx_word' id='word_1_200' title='bbox 458 4721 536 4794; x_wconf 84' lang='lat' dir='ltr'><strong>cujus</strong></span> <span class='ocrx_word' id='word_1_201' title='bbox 549 4720 751 4793; x_wconf 80' lang='lat' dir='ltr'><strong>plasmaverunt</strong></span> <span class='ocrx_word' id='word_1_202' title='bbox 769 4717 914 4774; x_wconf 84' lang='lat' dir='ltr'><strong>borninern.</strong></span> 
     </span>
    </p>
   </div>
   <div class='ocr_carea' id='block_1_4' title="bbox 310 4817 1025 5791">
    <p class='ocr_par' dir='ltr' id='par_1_4' title="bbox 310 4817 1025 5791">
     <span class='ocr_line' id='line_1_50' title="bbox 382 4817 818 4894; baseline -0.021 -15"><span class='ocrx_word' id='word_1_203' title='bbox 382 4818 484 4894; x_wconf 76' lang='lat' dir='ltr'><strong>vigiles</strong></span> <span class='ocrx_word' id='word_1_204' title='bbox 498 4818 573 4876; x_wconf 90' lang='lat' dir='ltr'><strong>urbis</strong></span> <span class='ocrx_word' id='word_1_205' title='bbox 585 4817 746 4875; x_wconf 82' lang='lat' dir='ltr'><strong>inuenerunt</strong></span> <span class='ocrx_word' id='word_1_206' title='bbox 757 4829 818 4880; x_wconf 87' lang='lat' dir='ltr'><strong>mc,</strong></span> 
     </span>
     <span class='ocr_line' id='line_1_51' title="bbox 347 4912 645 4984; baseline -0.023 -14"><span class='ocrx_word' id='word_1_207' title='bbox 347 4912 573 4984; x_wconf 79' lang='lat' dir='ltr'><strong>Exapoliarerunt</strong></span> <span class='ocrx_word' id='word_1_208' title='bbox 585 4924 645 4976; x_wconf 86' lang='lat' dir='ltr'><strong>me,</strong></span> 
     </span>
     <span class='ocr_line' id='line_1_52' title="bbox 347 4995 961 5067; baseline -0.021 -7"><span class='ocrx_word' id='word_1_209' title='bbox 347 5001 524 5060; x_wconf 76' lang='lat' dir='ltr'><strong>Abstulerant</strong></span> <span class='ocrx_word' id='word_1_210' title='bbox 540 5008 569 5055; x_wconf 89' lang='grc' dir='ltr'><strong>ει</strong></span> <span class='ocrx_word' id='word_1_211' title='bbox 582 4998 714 5057; x_wconf 84' lang='lat' dir='ltr'><strong>dederunt</strong></span> <span class='ocrx_word' id='word_1_212' title='bbox 725 4995 836 5067; x_wconf 86' lang='lat' dir='ltr'><strong>pallium</strong></span> <span class='ocrx_word' id='word_1_213' title='bbox 848 5036 857 5060; x_wconf 86' lang='lat'><strong>,</strong></span> <span class='ocrx_word' id='word_1_214' title='bbox 952 5034 961 5041; x_wconf 89' lang='lat'><strong>.</strong></span> 
     </span>
     <span class='ocr_line' id='line_1_53' title="bbox 339 5084 890 5165; baseline -0.024 -14"><span class='ocrx_word' id='word_1_215' title='bbox 339 5095 531 5151; x_wconf 61' lang='lat' dir='ltr'><strong>cantaverunt</strong></span> <span class='ocrx_word' id='word_1_216' title='bbox 541 5085 607 5163; x_wconf 78' lang='lat' dir='ltr'><strong>mihi</strong></span> <span class='ocrx_word' id='word_1_217' title='bbox 621 5100 720 5165; x_wconf 83' lang='lat' dir='ltr'><strong>uotum</strong></span> <span class='ocrx_word' id='word_1_218' title='bbox 735 5084 890 5150; x_wconf 81' lang='lat' dir='ltr'><strong>canticum,</strong></span> 
     </span>
     <span class='ocr_line' id='line_1_54' title="bbox 340 5173 937 5254; baseline -0.018 -14"><span class='ocrx_word' id='word_1_219' title='bbox 340 5184 407 5254; x_wconf 66' lang='lat' dir='ltr'><strong>Quo</strong></span> <span class='ocrx_word' id='word_1_220' title='bbox 419 5181 448 5237; x_wconf 92' lang='lat' dir='ltr'><strong>in</strong></span> <span class='ocrx_word' id='word_1_221' title='bbox 459 5178 541 5251; x_wconf 89' lang='lat' dir='ltr'><strong>liegis</strong></span> <span class='ocrx_word' id='word_1_222' title='bbox 551 5176 664 5233; x_wconf 84' lang='lat' dir='ltr'><strong>inducar</strong></span> <span class='ocrx_word' id='word_1_223' title='bbox 680 5175 820 5246; x_wconf 85' lang='lat' dir='ltr'><strong>palatium.</strong></span> <span class='ocrx_word' id='word_1_224' title='bbox 840 5173 937 5230; x_wconf 80' lang='lat' dir='ltr'><strong>dunen.</strong></span> 
     </span>
     <span class='ocr_line' id='line_1_55' title="bbox 374 5250 1025 5341; baseline -0.022 -9"><span class='ocrx_word' id='word_1_225' title='bbox 374 5270 470 5331; x_wconf 70' lang='lat' dir='ltr'><strong>‹hitttt</strong></span> <span class='ocrx_word' id='word_1_226' title='bbox 488 5268 631 5341; x_wconf 82' lang='lat' dir='ltr'><strong>lihpriirnur</strong></span> <span class='ocrx_word' id='word_1_227' title='bbox 642 5263 886 5337; x_wconf 77' lang='lat' dir='ltr'><strong>seperwintatione</strong></span> <span class='ocrx_word' id='word_1_228' title='bbox 898 5250 1025 5337; x_wconf 81' lang='lat' dir='ltr'><strong>angelico.</strong></span> 
     </span>
     <span class='ocr_line' id='line_1_56' title="bbox 343 5354 946 5430; baseline -0.025 -9"><span class='ocrx_word' id='word_1_229' title='bbox 343 5365 413 5430; x_wconf 74' lang='lat' dir='ltr'><strong>hro,</strong></span> <span class='ocrx_word' id='word_1_230' title='bbox 425 5359 508 5418; x_wconf 82' lang='lat' dir='ltr'><strong>liarid</strong></span> <span class='ocrx_word' id='word_1_231' title='bbox 519 5358 584 5422; x_wconf 88' lang='lat' dir='ltr'><strong>diia,</strong></span> <span class='ocrx_word' id='word_1_232' title='bbox 597 5363 690 5413; x_wconf 90' lang='lat' dir='ltr'><strong>sancta</strong></span> <span class='ocrx_word' id='word_1_233' title='bbox 702 5354 803 5410; x_wconf 90' lang='lat' dir='ltr'><strong>mundo</strong></span> <span class='ocrx_word' id='word_1_234' title='bbox 815 5363 895 5420; x_wconf 79' lang='lat' dir='ltr'><strong>nata,</strong></span> <span class='ocrx_word' id='word_1_235' title='bbox 943 5414 946 5421; x_wconf 22' lang='lat' dir='ltr'><strong>f</strong></span> 
     </span>
     <span class='ocr_line' id='line_1_57' title="bbox 313 5444 989 5528; baseline -0.016 -19"><span class='ocrx_word' id='word_1_236' title='bbox 313 5453 547 5528; x_wconf 79' lang='lat' dir='ltr'><strong>iiirgoprudcus,</strong></span> <span class='ocrx_word' id='word_1_237' title='bbox 564 5447 673 5513; x_wconf 84' lang='lat' dir='ltr'><strong>sobria,</strong></span> <span class='ocrx_word' id='word_1_238' title='bbox 687 5444 787 5516; x_wconf 81' lang='lat' dir='ltr'><strong>ioseph</strong></span> <span class='ocrx_word' id='word_1_239' title='bbox 805 5445 989 5515; x_wconf 84' lang='lat' dir='ltr'><strong>desponsata,</strong></span> 
     </span>
     <span class='ocr_line' id='line_1_58' title="bbox 310 5537 904 5607; baseline -0.02 -6"><span class='ocrx_word' id='word_1_240' title='bbox 310 5547 353 5601; x_wconf 83' lang='lat' dir='ltr'><strong>hd</strong></span> <span class='ocrx_word' id='word_1_241' title='bbox 365 5545 480 5601; x_wconf 79' lang='lat' dir='ltr'><strong>salutem</strong></span> <span class='ocrx_word' id='word_1_242' title='bbox 490 5541 610 5598; x_wconf 89' lang='lat' dir='ltr'><strong>omnium</strong></span> <span class='ocrx_word' id='word_1_243' title='bbox 621 5538 649 5594; x_wconf 89' lang='lat' dir='ltr'><strong>in</strong></span> <span class='ocrx_word' id='word_1_244' title='bbox 663 5537 815 5607; x_wconf 79' lang='lat' dir='ltr'><strong>exemplum</strong></span> <span class='ocrx_word' id='word_1_245' title='bbox 828 5537 904 5601; x_wconf 81' lang='lat' dir='ltr'><strong>data,</strong></span> 
     </span>
     <span class='ocr_line' id='line_1_59' title="bbox 310 5625 940 5703; baseline -0.013 -15"><span class='ocrx_word' id='word_1_246' title='bbox 310 5633 496 5703; x_wconf 74' lang='lat' dir='ltr'><strong>Supemorum</strong></span> <span class='ocrx_word' id='word_1_247' title='bbox 511 5632 609 5687; x_wconf 84' lang='lat' dir='ltr'><strong>eivirnu</strong></span> <span class='ocrx_word' id='word_1_248' title='bbox 622 5643 734 5685; x_wconf 86' lang='lat' dir='ltr'><strong>consors</strong></span> <span class='ocrx_word' id='word_1_249' title='bbox 744 5625 800 5696; x_wconf 84' lang='lat' dir='ltr'><strong>jam</strong></span> <span class='ocrx_word' id='word_1_250' title='bbox 816 5628 940 5696; x_wconf 88' lang='lat' dir='ltr'><strong>probata.</strong></span> 
     </span>
     <span class='ocr_line' id='line_1_60' title="bbox 347 5720 849 5791; baseline -0.006 -15"><span class='ocrx_word' id='word_1_251' title='bbox 347 5720 445 5786; x_wconf 74' lang='lat' dir='ltr'><strong>blaria,</strong></span> <span class='ocrx_word' id='word_1_252' title='bbox 461 5722 567 5775; x_wconf 88' lang='lat' dir='ltr'><strong>miseria</strong></span> <span class='ocrx_word' id='word_1_253' title='bbox 579 5737 631 5791; x_wconf 92' lang='lat' dir='ltr'><strong>per</strong></span> <span class='ocrx_word' id='word_1_254' title='bbox 647 5730 674 5776; x_wconf 88' lang='lat' dir='ltr'><strong>te</strong></span> <span class='ocrx_word' id='word_1_255' title='bbox 690 5720 849 5775; x_wconf 88' lang='lat' dir='ltr'><strong>terminatur</strong></span> 
     </span>
    </p>
   </div>
   <div class='ocr_carea' id='block_1_5' title="bbox 1118 449 1674 519">
    <p class='ocr_par' dir='ltr' id='par_1_5' title="bbox 1118 449 1674 519">
     <span class='ocr_line' id='line_1_61' title="bbox 1118 449 1674 519; baseline -0.034 0"><span class='ocrx_word' id='word_1_256' title='bbox 1118 465 1139 519; x_wconf 82' lang='lat' dir='ltr'><strong>h</strong></span> <span class='ocrx_word' id='word_1_257' title='bbox 1155 458 1189 513; x_wconf 78' lang='lat' dir='ltr'><strong>Et</strong></span> <span class='ocrx_word' id='word_1_258' title='bbox 1204 449 1392 510; x_wconf 80' lang='lat' dir='ltr'><strong>misericordia</strong></span> <span class='ocrx_word' id='word_1_259' title='bbox 1403 463 1452 519; x_wconf 88' lang='lat' dir='ltr'><strong>per</strong></span> <span class='ocrx_word' id='word_1_260' title='bbox 1466 456 1492 502; x_wconf 88' lang='grc' dir='ltr'><strong>ιε</strong></span> <span class='ocrx_word' id='word_1_261' title='bbox 1509 455 1674 515; x_wconf 77' lang='lat' dir='ltr'><strong>renomtur3</strong></span> 
     </span>
    </p>
   </div>
   <div class='ocr_carea' id='block_1_6' title="bbox 1144 537 1863 1788">
    <p class='ocr_par' dir='ltr' id='par_1_6' title="bbox 1155 537 1747 614">
     <span class='ocr_line' id='line_1_62' title="bbox 1155 537 1747 614; baseline -0.014 -13"><span class='ocrx_word' id='word_1_262' title='bbox 1155 548 1207 601; x_wconf 76' lang='lat' dir='ltr'><strong>Per</strong></span> <span class='ocrx_word' id='word_1_263' title='bbox 1222 554 1249 600; x_wconf 91' lang='lat' dir='ltr'><strong>te</strong></span> <span class='ocrx_word' id='word_1_264' title='bbox 1264 540 1456 614; x_wconf 84' lang='lat' dir='ltr'><strong>navigantibus</strong></span> <span class='ocrx_word' id='word_1_265' title='bbox 1467 537 1547 594; x_wconf 88' lang='lat' dir='ltr'><strong>stella</strong></span> <span class='ocrx_word' id='word_1_266' title='bbox 1558 537 1644 593; x_wconf 89' lang='lat' dir='ltr'><strong>maris</strong></span> <span class='ocrx_word' id='word_1_267' title='bbox 1655 539 1747 604; x_wconf 82' lang='lat' dir='ltr'><strong>datur,</strong></span> 
     </span>
    </p>

    <p class='ocr_par' dir='ltr' id='par_1_7' title="bbox 1156 628 1822 792">
     <span class='ocr_line' id='line_1_63' title="bbox 1156 628 1822 702; baseline -0.008 -12"><span class='ocrx_word' id='word_1_268' title='bbox 1156 635 1260 690; x_wconf 82' lang='lat' dir='ltr'><strong>brunnen</strong></span> <span class='ocrx_word' id='word_1_269' title='bbox 1273 633 1324 688; x_wconf 78' lang='lat' dir='ltr'><strong>vie</strong></span> <span class='ocrx_word' id='word_1_270' title='bbox 1335 631 1475 702; x_wconf 87' lang='lat' dir='ltr'><strong>panditur,</strong></span> <span class='ocrx_word' id='word_1_271' title='bbox 1489 636 1586 700; x_wconf 88' lang='lat' dir='ltr'><strong>portus</strong></span> <span class='ocrx_word' id='word_1_272' title='bbox 1605 628 1822 685; x_wconf 87' lang='lat' dir='ltr'><strong>demonstratur.</strong></span> 
     </span>
     <span class='ocr_line' id='line_1_64' title="bbox 1191 721 1750 792; baseline -0.013 -9"><span class='ocrx_word' id='word_1_273' title='bbox 1191 725 1284 783; x_wconf 83' lang='lat' dir='ltr'><strong>Gratia</strong></span> <span class='ocrx_word' id='word_1_274' title='bbox 1296 733 1322 781; x_wconf 92' lang='lat' dir='ltr'><strong>te</strong></span> <span class='ocrx_word' id='word_1_275' title='bbox 1336 721 1455 779; x_wconf 74' lang='lat' dir='ltr'><strong>reddidit</strong></span> <span class='ocrx_word' id='word_1_276' title='bbox 1468 721 1575 777; x_wconf 87' lang='lat' dir='ltr'><strong>cunctis</strong></span> <span class='ocrx_word' id='word_1_277' title='bbox 1585 721 1750 792; x_wconf 73' lang='lat' dir='ltr'><strong>gratiosam.</strong></span> 
     </span>
    </p>

    <p class='ocr_par' dir='ltr' id='par_1_8' title="bbox 1158 811 1728 882">
     <span class='ocr_line' id='line_1_65' title="bbox 1158 811 1728 882; baseline -0.005 -11"><span class='ocrx_word' id='word_1_278' title='bbox 1158 815 1322 873; x_wconf 72' lang='lat' dir='ltr'><strong>devestivit</strong></span> <span class='ocrx_word' id='word_1_279' title='bbox 1337 813 1403 877; x_wconf 92' lang='lat' dir='ltr'><strong>lilio,</strong></span> <span class='ocrx_word' id='word_1_280' title='bbox 1420 811 1522 882; x_wconf 80' lang='lat' dir='ltr'><strong>sparsit</strong></span> <span class='ocrx_word' id='word_1_281' title='bbox 1535 811 1562 865; x_wconf 93' lang='lat' dir='ltr'><strong>in</strong></span> <span class='ocrx_word' id='word_1_282' title='bbox 1579 818 1606 866; x_wconf 89' lang='lat' dir='ltr'><strong>te</strong></span> <span class='ocrx_word' id='word_1_283' title='bbox 1618 825 1728 868; x_wconf 83' lang='lat' dir='ltr'><strong>rosam.</strong></span> 
     </span>
    </p>

    <p class='ocr_par' dir='ltr' id='par_1_9' title="bbox 1158 899 1725 971">
     <span class='ocr_line' id='line_1_66' title="bbox 1158 899 1725 971; baseline -0.014 -10"><span class='ocrx_word' id='word_1_284' title='bbox 1158 905 1197 962; x_wconf 86' lang='lat' dir='ltr'><strong>&#39;le</strong></span> <span class='ocrx_word' id='word_1_285' title='bbox 1209 907 1340 961; x_wconf 83' lang='lat' dir='ltr'><strong>uirtutum</strong></span> <span class='ocrx_word' id='word_1_286' title='bbox 1352 901 1463 959; x_wconf 86' lang='lat' dir='ltr'><strong>boribus</strong></span> <span class='ocrx_word' id='word_1_287' title='bbox 1479 900 1545 957; x_wconf 86' lang='lat' dir='ltr'><strong>iecit</strong></span> <span class='ocrx_word' id='word_1_288' title='bbox 1556 899 1725 971; x_wconf 74' lang='lat' dir='ltr'><strong>speciosam.</strong></span> 
     </span>
    </p>

    <p class='ocr_par' dir='ltr' id='par_1_10' title="bbox 1157 991 1695 1055">
     <span class='ocr_line' id='line_1_67' title="bbox 1157 991 1695 1055; baseline -0.017 0"><span class='ocrx_word' id='word_1_289' title='bbox 1157 999 1233 1055; x_wconf 89' lang='lat' dir='ltr'><strong>lutus</strong></span> <span class='ocrx_word' id='word_1_290' title='bbox 1245 1007 1273 1053; x_wconf 90' lang='lat' dir='ltr'><strong>et</strong></span> <span class='ocrx_word' id='word_1_291' title='bbox 1286 996 1406 1053; x_wconf 78' lang='lat' dir='ltr'><strong>exterius</strong></span> <span class='ocrx_word' id='word_1_292' title='bbox 1421 1002 1506 1050; x_wconf 93' lang='lat' dir='ltr'><strong>totam</strong></span> <span class='ocrx_word' id='word_1_293' title='bbox 1522 991 1695 1048; x_wconf 89' lang='lat' dir='ltr'><strong>luminosam.</strong></span> 
     </span>
    </p>

    <p class='ocr_par' dir='ltr' id='par_1_11' title="bbox 1144 1068 1792 1152">
     <span class='ocr_line' id='line_1_68' title="bbox 1144 1068 1792 1152; baseline -0.012 -7"><span class='ocrx_word' id='word_1_294' title='bbox 1144 1068 1149 1077; x_wconf 46' lang='lat'><strong><em>⁴</em></strong></span> <span class='ocrx_word' id='word_1_295' title='bbox 1194 1088 1276 1144; x_wconf 85' lang='lat' dir='ltr'><strong>Plena</strong></span> <span class='ocrx_word' id='word_1_296' title='bbox 1291 1084 1479 1148; x_wconf 84' lang='lat' dir='ltr'><strong>medicamine,</strong></span> <span class='ocrx_word' id='word_1_297' title='bbox 1492 1080 1615 1138; x_wconf 86' lang='lat' dir='ltr'><strong>abundas</strong></span> <span class='ocrx_word' id='word_1_298' title='bbox 1628 1079 1792 1152; x_wconf 83' lang='lat' dir='ltr'><strong>unguentis,</strong></span> 
     </span>
    </p>

    <p class='ocr_par' dir='ltr' id='par_1_12' title="bbox 1160 1175 1837 1253">
     <span class='ocr_line' id='line_1_69' title="bbox 1160 1175 1837 1253; baseline -0.01 -16"><span class='ocrx_word' id='word_1_299' title='bbox 1160 1182 1247 1253; x_wconf 88' lang='lat' dir='ltr'><strong>Tergc</strong></span> <span class='ocrx_word' id='word_1_300' title='bbox 1261 1180 1354 1236; x_wconf 91' lang='lat' dir='ltr'><strong>sordes</strong></span> <span class='ocrx_word' id='word_1_301' title='bbox 1369 1176 1524 1241; x_wconf 89' lang='lat' dir='ltr'><strong>criminum,</strong></span> <span class='ocrx_word' id='word_1_302' title='bbox 1538 1175 1647 1245; x_wconf 89' lang='lat' dir='ltr'><strong>plagam</strong></span> <span class='ocrx_word' id='word_1_303' title='bbox 1660 1187 1726 1229; x_wconf 83' lang='lat' dir='ltr'><strong>sana</strong></span> <span class='ocrx_word' id='word_1_304' title='bbox 1737 1175 1837 1230; x_wconf 81' lang='lat' dir='ltr'><strong>mentis</strong></span> 
     </span>
    </p>

    <p class='ocr_par' dir='ltr' id='par_1_13' title="bbox 1161 1265 1721 1343">
     <span class='ocr_line' id='line_1_70' title="bbox 1161 1265 1721 1343; baseline -0.007 -18"><span class='ocrx_word' id='word_1_305' title='bbox 1161 1271 1247 1343; x_wconf 82' lang='lat' dir='ltr'><strong>liujus</strong></span> <span class='ocrx_word' id='word_1_306' title='bbox 1262 1270 1300 1326; x_wconf 92' lang='lat' dir='ltr'><strong>tui</strong></span> <span class='ocrx_word' id='word_1_307' title='bbox 1314 1268 1445 1340; x_wconf 85' lang='lat' dir='ltr'><strong>supplicis</strong></span> <span class='ocrx_word' id='word_1_308' title='bbox 1459 1267 1485 1322; x_wconf 93' lang='lat' dir='ltr'><strong>in</strong></span> <span class='ocrx_word' id='word_1_309' title='bbox 1502 1274 1528 1322; x_wconf 91' lang='lat' dir='ltr'><strong>te</strong></span> <span class='ocrx_word' id='word_1_310' title='bbox 1540 1265 1721 1331; x_wconf 79' lang='lat' dir='ltr'><strong>confidentis,</strong></span> 
     </span>
    </p>

    <p class='ocr_par' dir='ltr' id='par_1_14' title="bbox 1161 1354 1847 1507">
     <span class='ocr_line' id='line_1_71' title="bbox 1161 1354 1847 1428; baseline -0.004 -14"><span class='ocrx_word' id='word_1_311' title='bbox 1161 1360 1195 1414; x_wconf 85' lang='lat' dir='ltr'><strong>Er</strong></span> <span class='ocrx_word' id='word_1_312' title='bbox 1211 1361 1261 1416; x_wconf 91' lang='lat' dir='ltr'><strong>bos</strong></span> <span class='ocrx_word' id='word_1_313' title='bbox 1275 1372 1370 1416; x_wconf 89' lang='lat' dir='ltr'><strong>sacros</strong></span> <span class='ocrx_word' id='word_1_314' title='bbox 1387 1357 1530 1428; x_wconf 83' lang='lat' dir='ltr'><strong>rhythmos</strong></span> <span class='ocrx_word' id='word_1_315' title='bbox 1544 1368 1637 1410; x_wconf 78' lang='lat' dir='ltr'><strong>eornm</strong></span> <span class='ocrx_word' id='word_1_316' title='bbox 1651 1363 1677 1409; x_wconf 87' lang='lat' dir='ltr'><strong>te</strong></span> <span class='ocrx_word' id='word_1_317' title='bbox 1694 1354 1847 1424; x_wconf 86' lang='lat' dir='ltr'><strong>psallentis.</strong></span> 
     </span>
     <span class='ocr_line' id='line_1_72' title="bbox 1196 1446 1769 1507; baseline -0.005 -1"><span class='ocrx_word' id='word_1_318' title='bbox 1196 1452 1326 1507; x_wconf 79' lang='lat' dir='ltr'><strong>Dominus</strong></span> <span class='ocrx_word' id='word_1_319' title='bbox 1341 1450 1397 1505; x_wconf 82' lang='lat' dir='ltr'><strong>ilex</strong></span> <span class='ocrx_word' id='word_1_320' title='bbox 1412 1449 1533 1506; x_wconf 90' lang='lat' dir='ltr'><strong>omnium</strong></span> <span class='ocrx_word' id='word_1_321' title='bbox 1551 1463 1583 1503; x_wconf 87' lang='lat' dir='ltr'><strong>ex</strong></span> <span class='ocrx_word' id='word_1_322' title='bbox 1600 1456 1627 1502; x_wconf 87' lang='lat' dir='ltr'><strong>te</strong></span> <span class='ocrx_word' id='word_1_323' title='bbox 1640 1446 1691 1503; x_wconf 89' lang='lat' dir='ltr'><strong>sibi</strong></span> <span class='ocrx_word' id='word_1_324' title='bbox 1704 1448 1769 1503; x_wconf 80' lang='lat' dir='ltr'><strong>lucit</strong></span> 
     </span>
    </p>

    <p class='ocr_par' dir='ltr' id='par_1_15' title="bbox 1160 1539 1863 1613">
     <span class='ocr_line' id='line_1_73' title="bbox 1160 1539 1863 1613; baseline -0.004 -16"><span class='ocrx_word' id='word_1_325' title='bbox 1160 1541 1260 1597; x_wconf 84' lang='lat' dir='ltr'><strong>Cellarn</strong></span> <span class='ocrx_word' id='word_1_326' title='bbox 1274 1540 1496 1613; x_wconf 82' lang='lat' dir='ltr'><strong>pigmentariam,</strong></span> <span class='ocrx_word' id='word_1_327' title='bbox 1509 1553 1590 1609; x_wconf 86' lang='lat' dir='ltr'><strong>qrraur</strong></span> <span class='ocrx_word' id='word_1_328' title='bbox 1603 1539 1709 1595; x_wconf 82' lang='lat' dir='ltr'><strong>cunetis</strong></span> <span class='ocrx_word' id='word_1_329' title='bbox 1721 1539 1842 1609; x_wconf 67' lang='lat' dir='ltr'><strong>praeierit</strong></span> <span class='ocrx_word' id='word_1_330' title='bbox 1855 1556 1863 1594; x_wconf 79' lang='lat' dir='ltr'><strong>r</strong></span> 
     </span>
    </p>

    <p class='ocr_par' dir='ltr' id='par_1_16' title="bbox 1161 1628 1773 1702">
     <span class='ocr_line' id='line_1_74' title="bbox 1161 1628 1773 1702; baseline 0 -17"><span class='ocrx_word' id='word_1_331' title='bbox 1161 1631 1190 1686; x_wconf 91' lang='lat' dir='ltr'><strong>lu</strong></span> <span class='ocrx_word' id='word_1_332' title='bbox 1205 1647 1258 1702; x_wconf 83' lang='lat' dir='ltr'><strong>qua</strong></span> <span class='ocrx_word' id='word_1_333' title='bbox 1276 1632 1361 1687; x_wconf 84' lang='lat' dir='ltr'><strong>miras</strong></span> <span class='ocrx_word' id='word_1_334' title='bbox 1376 1630 1482 1702; x_wconf 81' lang='lat' dir='ltr'><strong>species</strong></span> <span class='ocrx_word' id='word_1_335' title='bbox 1496 1628 1623 1686; x_wconf 79' lang='lat' dir='ltr'><strong>Salvator</strong></span> <span class='ocrx_word' id='word_1_336' title='bbox 1636 1628 1773 1694; x_wconf 80' lang='lat' dir='ltr'><strong>coniecit,</strong></span> 
     </span>
    </p>

    <p class='ocr_par' dir='ltr' id='par_1_17' title="bbox 1161 1716 1737 1788">
     <span class='ocr_line' id='line_1_75' title="bbox 1161 1716 1737 1788; baseline -0.007 -12"><span class='ocrx_word' id='word_1_337' title='bbox 1161 1720 1264 1788; x_wconf 83' lang='lat' dir='ltr'><strong>Quibus</strong></span> <span class='ocrx_word' id='word_1_338' title='bbox 1278 1734 1373 1776; x_wconf 89' lang='lat' dir='ltr'><strong>omncs</strong></span> <span class='ocrx_word' id='word_1_339' title='bbox 1386 1718 1502 1775; x_wconf 91' lang='lat' dir='ltr'><strong>dulciter</strong></span> <span class='ocrx_word' id='word_1_340' title='bbox 1513 1717 1616 1774; x_wconf 84' lang='lat' dir='ltr'><strong>eleetos</strong></span> <span class='ocrx_word' id='word_1_341' title='bbox 1631 1716 1737 1773; x_wconf 82' lang='lat' dir='ltr'><strong>reiecit.</strong></span> 
     </span>
    </p>
   </div>
   <div class='ocr_carea' id='block_1_7' title="bbox 1125 1808 1777 1878">
    <p class='ocr_par' dir='ltr' id='par_1_18' title="bbox 1125 1808 1777 1878">
     <span class='ocr_line' id='line_1_76' title="bbox 1125 1808 1777 1878; baseline -0.006 -9"><span class='ocrx_word' id='word_1_342' title='bbox 1125 1811 1147 1869; x_wconf 88' lang='lat' dir='ltr'><strong>ll</strong></span> <span class='ocrx_word' id='word_1_343' title='bbox 1195 1811 1297 1868; x_wconf 83' lang='lat' dir='ltr'><strong>Tecum</strong></span> <span class='ocrx_word' id='word_1_344' title='bbox 1309 1820 1366 1867; x_wconf 87' lang='lat' dir='ltr'><strong>tota</strong></span> <span class='ocrx_word' id='word_1_345' title='bbox 1381 1811 1501 1867; x_wconf 84' lang='lat' dir='ltr'><strong>Trinitas</strong></span> <span class='ocrx_word' id='word_1_346' title='bbox 1513 1808 1580 1866; x_wconf 89' lang='lat' dir='ltr'><strong>lacit</strong></span> <span class='ocrx_word' id='word_1_347' title='bbox 1593 1810 1777 1878; x_wconf 84' lang='lat' dir='ltr'><strong>mansionem,</strong></span> 
     </span>
    </p>
   </div>
   <div class='ocr_carea' id='block_1_8' title="bbox 1158 1899 1852 3062">
    <p class='ocr_par' dir='ltr' id='par_1_19' title="bbox 1158 1899 1852 3062">
     <span class='ocr_line' id='line_1_77' title="bbox 1161 1899 1852 1975; baseline 0.003 -20"><span class='ocrx_word' id='word_1_348' title='bbox 1161 1901 1216 1975; x_wconf 55' lang='lat' dir='ltr'><strong>2ss</strong></span> <span class='ocrx_word' id='word_1_349' title='bbox 1228 1901 1319 1969; x_wconf 79' lang='lat' dir='ltr'><strong>Pater,</strong></span> <span class='ocrx_word' id='word_1_350' title='bbox 1336 1901 1465 1967; x_wconf 77' lang='lat' dir='ltr'><strong>Verbum,</strong></span> <span class='ocrx_word' id='word_1_351' title='bbox 1478 1899 1595 1972; x_wconf 83' lang='lat' dir='ltr'><strong>Spiritus</strong></span> <span class='ocrx_word' id='word_1_352' title='bbox 1610 1900 1671 1957; x_wconf 85' lang='lat' dir='ltr'><strong>luit</strong></span> <span class='ocrx_word' id='word_1_353' title='bbox 1684 1904 1832 1957; x_wconf 85' lang='lat' dir='ltr'><strong>sessionem</strong></span> <span class='ocrx_word' id='word_1_354' title='bbox 1843 1918 1852 1970; x_wconf 83' lang='lat'><strong>;</strong></span> 
     </span>
     <span class='ocr_line' id='line_1_78' title="bbox 1161 1989 1787 2064; baseline 0.003 -18"><span class='ocrx_word' id='word_1_355' title='bbox 1161 1991 1275 2064; x_wconf 80' lang='lat' dir='ltr'><strong>Propter</strong></span> <span class='ocrx_word' id='word_1_356' title='bbox 1288 1991 1359 2062; x_wconf 85' lang='lat' dir='ltr'><strong>quod</strong></span> <span class='ocrx_word' id='word_1_357' title='bbox 1370 2006 1442 2046; x_wconf 90' lang='lat' dir='ltr'><strong>nunc</strong></span> <span class='ocrx_word' id='word_1_358' title='bbox 1453 1990 1557 2062; x_wconf 86' lang='lat' dir='ltr'><strong>largius</strong></span> <span class='ocrx_word' id='word_1_359' title='bbox 1568 1989 1602 2046; x_wconf 92' lang='lat' dir='ltr'><strong>ad</strong></span> <span class='ocrx_word' id='word_1_360' title='bbox 1617 1991 1787 2048; x_wconf 69' lang='lat' dir='ltr'><strong>devotionern</strong></span> 
     </span>
     <span class='ocr_line' id='line_1_79' title="bbox 1161 2080 1706 2153; baseline 0 -17"><span class='ocrx_word' id='word_1_361' title='bbox 1161 2080 1285 2153; x_wconf 86' lang='lat' dir='ltr'><strong>Teipsaur</strong></span> <span class='ocrx_word' id='word_1_362' title='bbox 1297 2080 1420 2138; x_wconf 91' lang='lat' dir='ltr'><strong>lldelibus</strong></span> <span class='ocrx_word' id='word_1_363' title='bbox 1432 2082 1537 2152; x_wconf 74' lang='lat' dir='ltr'><strong>praebes</strong></span> <span class='ocrx_word' id='word_1_364' title='bbox 1551 2080 1706 2137; x_wconf 87' lang='lat' dir='ltr'><strong>lectionem.</strong></span> 
     </span>
     <span class='ocr_line' id='line_1_80' title="bbox 1196 2170 1847 2239; baseline 0.002 -13"><span class='ocrx_word' id='word_1_365' title='bbox 1196 2171 1352 2239; x_wconf 87' lang='lat' dir='ltr'><strong>Benedicta,</strong></span> <span class='ocrx_word' id='word_1_366' title='bbox 1367 2172 1481 2229; x_wconf 86' lang='lat' dir='ltr'><strong>benedic</strong></span> <span class='ocrx_word' id='word_1_367' title='bbox 1495 2178 1522 2226; x_wconf 91' lang='lat' dir='ltr'><strong>te</strong></span> <span class='ocrx_word' id='word_1_368' title='bbox 1531 2170 1737 2237; x_wconf 87' lang='lat' dir='ltr'><strong>benedicentes,</strong></span> <span class='ocrx_word' id='word_1_369' title='bbox 1842 2190 1847 2198; x_wconf 92' lang='lat'><em>·</em></span> 
     </span>
     <span class='ocr_line' id='line_1_81' title="bbox 1160 2259 1726 2332; baseline 0.005 -16"><span class='ocrx_word' id='word_1_370' title='bbox 1160 2260 1215 2318; x_wconf 72' lang='lat' dir='ltr'><strong>Fac</strong></span> <span class='ocrx_word' id='word_1_371' title='bbox 1225 2262 1253 2317; x_wconf 92' lang='lat' dir='ltr'><strong>in</strong></span> <span class='ocrx_word' id='word_1_372' title='bbox 1266 2262 1319 2318; x_wconf 90' lang='lat' dir='ltr'><strong>tuis</strong></span> <span class='ocrx_word' id='word_1_373' title='bbox 1332 2259 1457 2318; x_wconf 88' lang='lat' dir='ltr'><strong>laudibus</strong></span> <span class='ocrx_word' id='word_1_374' title='bbox 1469 2261 1526 2318; x_wconf 88' lang='lat' dir='ltr'><strong>siut</strong></span> <span class='ocrx_word' id='word_1_375' title='bbox 1537 2261 1726 2332; x_wconf 64' lang='lat' dir='ltr'><strong>prandentem</strong></span> 
     </span>
     <span class='ocr_line' id='line_1_82' title="bbox 1161 2352 1717 2427; baseline 0.005 -21"><span class='ocrx_word' id='word_1_376' title='bbox 1161 2352 1242 2427; x_wconf 81' lang='lat' dir='ltr'><strong>lrrdge</strong></span> <span class='ocrx_word' id='word_1_377' title='bbox 1256 2352 1426 2410; x_wconf 90' lang='lat' dir='ltr'><strong>dulcedinem</strong></span> <span class='ocrx_word' id='word_1_378' title='bbox 1437 2353 1465 2410; x_wconf 92' lang='lat' dir='ltr'><strong>iu</strong></span> <span class='ocrx_word' id='word_1_379' title='bbox 1477 2362 1585 2410; x_wconf 93' lang='lat' dir='ltr'><strong>tuorum</strong></span> <span class='ocrx_word' id='word_1_380' title='bbox 1596 2362 1717 2419; x_wconf 65' lang='lat' dir='ltr'><strong>menes,</strong></span> 
     </span>
     <span class='ocr_line' id='line_1_83' title="bbox 1162 2440 1794 2514; baseline 0.008 -17"><span class='ocrx_word' id='word_1_381' title='bbox 1162 2440 1198 2497; x_wconf 88' lang='lat' dir='ltr'><strong>lit</strong></span> <span class='ocrx_word' id='word_1_382' title='bbox 1214 2442 1241 2498; x_wconf 88' lang='lat' dir='ltr'><strong>io</strong></span> <span class='ocrx_word' id='word_1_383' title='bbox 1255 2440 1335 2499; x_wconf 88' lang='lat' dir='ltr'><strong>bonis</strong></span> <span class='ocrx_word' id='word_1_384' title='bbox 1347 2442 1454 2499; x_wconf 88' lang='lat' dir='ltr'><strong>actibus</strong></span> <span class='ocrx_word' id='word_1_385' title='bbox 1465 2457 1573 2514; x_wconf 86' lang='lat' dir='ltr'><strong>semper</strong></span> <span class='ocrx_word' id='word_1_386' title='bbox 1583 2443 1638 2499; x_wconf 88' lang='lat' dir='ltr'><strong>siut</strong></span> <span class='ocrx_word' id='word_1_387' title='bbox 1648 2442 1794 2502; x_wconf 82' lang='lat' dir='ltr'><strong>letrantes.</strong></span> 
     </span>
     <span class='ocr_line' id='line_1_84' title="bbox 1196 2535 1686 2608; baseline -0.002 -17"><span class='ocrx_word' id='word_1_388' title='bbox 1196 2535 1236 2591; x_wconf 85' lang='lat' dir='ltr'><strong>Tu</strong></span> <span class='ocrx_word' id='word_1_389' title='bbox 1250 2536 1278 2592; x_wconf 92' lang='lat' dir='ltr'><strong>in</strong></span> <span class='ocrx_word' id='word_1_390' title='bbox 1292 2535 1451 2593; x_wconf 86' lang='lat' dir='ltr'><strong>mulieribus</strong></span> <span class='ocrx_word' id='word_1_391' title='bbox 1464 2536 1565 2608; x_wconf 90' lang='lat' dir='ltr'><strong>optima</strong></span> <span class='ocrx_word' id='word_1_392' title='bbox 1579 2539 1686 2607; x_wconf 90' lang='lat' dir='ltr'><strong>bgura,</strong></span> 
     </span>
     <span class='ocr_line' id='line_1_85' title="bbox 1160 2626 1770 2702; baseline 0.002 -18"><span class='ocrx_word' id='word_1_393' title='bbox 1160 2629 1226 2699; x_wconf 75' lang='lat' dir='ltr'><strong>Quae</strong></span> <span class='ocrx_word' id='word_1_394' title='bbox 1238 2629 1320 2701; x_wconf 83' lang='lat' dir='ltr'><strong>Regis</strong></span> <span class='ocrx_word' id='word_1_395' title='bbox 1331 2644 1361 2685; x_wconf 91' lang='lat' dir='ltr'><strong>es</strong></span> <span class='ocrx_word' id='word_1_396' title='bbox 1373 2629 1464 2702; x_wconf 79' lang='lat' dir='ltr'><strong>gloriae</strong></span> <span class='ocrx_word' id='word_1_397' title='bbox 1475 2628 1571 2696; x_wconf 86' lang='lat' dir='ltr'><strong>blater,</strong></span> <span class='ocrx_word' id='word_1_398' title='bbox 1583 2626 1666 2702; x_wconf 77' lang='lat' dir='ltr'><strong>Virgo</strong></span> <span class='ocrx_word' id='word_1_399' title='bbox 1683 2644 1770 2699; x_wconf 85' lang='lat' dir='ltr'><strong>pura,</strong></span> 
     </span>
     <span class='ocr_line' id='line_1_86' title="bbox 1159 2720 1707 2791; baseline 0 -16"><span class='ocrx_word' id='word_1_400' title='bbox 1159 2724 1219 2791; x_wconf 70' lang='lat' dir='ltr'><strong>Quo</strong></span> <span class='ocrx_word' id='word_1_401' title='bbox 1229 2720 1353 2791; x_wconf 87' lang='lat' dir='ltr'><strong>probaris</strong></span> <span class='ocrx_word' id='word_1_402' title='bbox 1362 2720 1470 2791; x_wconf 89' lang='lat' dir='ltr'><strong>dignior</strong></span> <span class='ocrx_word' id='word_1_403' title='bbox 1482 2721 1556 2776; x_wconf 91' lang='lat' dir='ltr'><strong>omni</strong></span> <span class='ocrx_word' id='word_1_404' title='bbox 1567 2729 1707 2789; x_wconf 86' lang='lat' dir='ltr'><strong>ereatura,</strong></span> 
     </span>
     <span class='ocr_line' id='line_1_87' title="bbox 1160 2812 1682 2885; baseline 0 -18"><span class='ocrx_word' id='word_1_405' title='bbox 1160 2812 1218 2870; x_wconf 89' lang='lat' dir='ltr'><strong>lloc</strong></span> <span class='ocrx_word' id='word_1_406' title='bbox 1231 2822 1327 2885; x_wconf 85' lang='lat' dir='ltr'><strong>agente</strong></span> <span class='ocrx_word' id='word_1_407' title='bbox 1337 2813 1451 2869; x_wconf 84' lang='lat' dir='ltr'><strong>liomino</strong></span> <span class='ocrx_word' id='word_1_408' title='bbox 1465 2812 1595 2885; x_wconf 71' lang='lat' dir='ltr'><strong>singulari</strong></span> <span class='ocrx_word' id='word_1_409' title='bbox 1606 2828 1682 2869; x_wconf 85' lang='lat' dir='ltr'><strong>cura.</strong></span> 
     </span>
     <span class='ocr_line' id='line_1_88' title="bbox 1194 2902 1803 2974; baseline 0.002 -16"><span class='ocrx_word' id='word_1_410' title='bbox 1194 2902 1229 2959; x_wconf 82' lang='lat' dir='ltr'><strong>Et</strong></span> <span class='ocrx_word' id='word_1_411' title='bbox 1241 2903 1399 2960; x_wconf 84' lang='lat' dir='ltr'><strong>benedictus</strong></span> <span class='ocrx_word' id='word_1_412' title='bbox 1412 2904 1493 2971; x_wconf 83' lang='lat' dir='ltr'><strong>Deus,</strong></span> <span class='ocrx_word' id='word_1_413' title='bbox 1506 2903 1555 2974; x_wconf 86' lang='lat' dir='ltr'><strong>qui</strong></span> <span class='ocrx_word' id='word_1_414' title='bbox 1568 2914 1667 2961; x_wconf 79' lang='lat' dir='ltr'><strong>cuncta</strong></span> <span class='ocrx_word' id='word_1_415' title='bbox 1682 2905 1803 2971; x_wconf 74' lang='lat' dir='ltr'><strong>meavit,</strong></span> 
     </span>
     <span class='ocr_line' id='line_1_89' title="bbox 1158 2991 1760 3062; baseline 0.008 -17"><span class='ocrx_word' id='word_1_416' title='bbox 1158 2991 1210 3061; x_wconf 79' lang='lat' dir='ltr'><strong>Qui</strong></span> <span class='ocrx_word' id='word_1_417' title='bbox 1224 2992 1318 3048; x_wconf 86' lang='lat' dir='ltr'><strong>matris</strong></span> <span class='ocrx_word' id='word_1_418' title='bbox 1331 2994 1358 3048; x_wconf 91' lang='lat' dir='ltr'><strong>in</strong></span> <span class='ocrx_word' id='word_1_419' title='bbox 1371 3002 1450 3049; x_wconf 92' lang='lat' dir='ltr'><strong>utero</strong></span> <span class='ocrx_word' id='word_1_420' title='bbox 1463 3002 1490 3049; x_wconf 90' lang='lat' dir='ltr'><strong>te</strong></span> <span class='ocrx_word' id='word_1_421' title='bbox 1505 2994 1706 3062; x_wconf 79' lang='lat' dir='ltr'><strong>sanetificavit;</strong></span> <span class='ocrx_word' id='word_1_422' title='bbox 1748 3040 1760 3059; x_wconf 37' lang='grc' dir='ltr'><strong>ι</strong></span> 
     </span>
    </p>
   </div>
   <div class='ocr_carea' id='block_1_9' title="bbox 1046 3083 1740 3245">
    <p class='ocr_par' dir='ltr' id='par_1_20' title="bbox 1046 3083 1740 3245">
     <span class='ocr_line' id='line_1_90' title="bbox 1046 3083 1725 3157; baseline 0.009 -21"><span class='ocrx_word' id='word_1_423' title='bbox 1046 3113 1051 3122; x_wconf 88' lang='lat'><strong>·</strong></span> <span class='ocrx_word' id='word_1_424' title='bbox 1159 3083 1323 3140; x_wconf 81' lang='lat' dir='ltr'><strong>Benedictus</strong></span> <span class='ocrx_word' id='word_1_425' title='bbox 1334 3083 1416 3152; x_wconf 88' lang='lat' dir='ltr'><strong>lilius,</strong></span> <span class='ocrx_word' id='word_1_426' title='bbox 1430 3098 1511 3156; x_wconf 84' lang='lat' dir='ltr'><strong>quem</strong></span> <span class='ocrx_word' id='word_1_427' title='bbox 1527 3094 1588 3141; x_wconf 90' lang='lat' dir='ltr'><strong>tuus</strong></span> <span class='ocrx_word' id='word_1_428' title='bbox 1606 3086 1725 3157; x_wconf 85' lang='lat' dir='ltr'><strong>portauit</strong></span> 
     </span>
     <span class='ocr_line' id='line_1_91' title="bbox 1120 3161 1740 3245; baseline 0.013 -22"><span class='ocrx_word' id='word_1_429' title='bbox 1120 3161 1143 3223; x_wconf 84' lang='lat' dir='ltr'>C</span> <span class='ocrx_word' id='word_1_430' title='bbox 1165 3172 1310 3245; x_wconf 80' lang='lat' dir='ltr'><strong>virginalis</strong></span> <span class='ocrx_word' id='word_1_431' title='bbox 1322 3181 1427 3238; x_wconf 89' lang='lat' dir='ltr'><strong>uterus,</strong></span> <span class='ocrx_word' id='word_1_432' title='bbox 1440 3188 1520 3244; x_wconf 88' lang='lat' dir='ltr'><strong>quern</strong></span> <span class='ocrx_word' id='word_1_433' title='bbox 1532 3174 1591 3245; x_wconf 87' lang='lat' dir='ltr'><strong>ipse</strong></span> <span class='ocrx_word' id='word_1_434' title='bbox 1603 3174 1740 3231; x_wconf 80' lang='lat' dir='ltr'><strong>formavit.</strong></span> 
     </span>
    </p>
   </div>
   <div class='ocr_carea' id='block_1_10' title="bbox 1157 3264 1880 3431">
    <p class='ocr_par' dir='ltr' id='par_1_21' title="bbox 1157 3264 1880 3431">
     <span class='ocr_line' id='line_1_92' title="bbox 1192 3264 1880 3334; baseline 0.006 -13"><span class='ocrx_word' id='word_1_435' title='bbox 1192 3264 1309 3322; x_wconf 79' lang='lat' dir='ltr'><strong>Fructus</strong></span> <span class='ocrx_word' id='word_1_436' title='bbox 1326 3274 1408 3332; x_wconf 88' lang='lat' dir='ltr'><strong>tuus,</strong></span> <span class='ocrx_word' id='word_1_437' title='bbox 1422 3266 1547 3334; x_wconf 88' lang='lat' dir='ltr'><strong>domina,</strong></span> <span class='ocrx_word' id='word_1_438' title='bbox 1563 3266 1668 3325; x_wconf 78' lang='lat' dir='ltr'><strong>tructus</strong></span> <span class='ocrx_word' id='word_1_439' title='bbox 1678 3276 1720 3325; x_wconf 88' lang='grc' dir='ltr'><strong>εει</strong></span> <span class='ocrx_word' id='word_1_440' title='bbox 1731 3269 1880 3327; x_wconf 79' lang='lat' dir='ltr'><strong>coelurun.</strong></span> 
     </span>
     <span class='ocr_line' id='line_1_93' title="bbox 1157 3357 1830 3431; baseline 0.01 -18"><span class='ocrx_word' id='word_1_441' title='bbox 1157 3357 1217 3425; x_wconf 81' lang='lat' dir='ltr'><strong>Quo</strong></span> <span class='ocrx_word' id='word_1_442' title='bbox 1228 3364 1376 3428; x_wconf 85' lang='lat' dir='ltr'><strong>pascuntur</strong></span> <span class='ocrx_word' id='word_1_443' title='bbox 1389 3358 1490 3431; x_wconf 89' lang='lat' dir='ltr'><strong>angeli,</strong></span> <span class='ocrx_word' id='word_1_444' title='bbox 1504 3367 1647 3430; x_wconf 80' lang='lat' dir='ltr'><strong>eretusque</strong></span> <span class='ocrx_word' id='word_1_445' title='bbox 1659 3372 1830 3420; x_wconf 77' lang='lat' dir='ltr'><strong>sanctorum</strong></span> 
     </span>
    </p>
   </div>
   <div class='ocr_carea' id='block_1_11' title="bbox 1074 3442 1665 3508">
    <p class='ocr_par' dir='ltr' id='par_1_22' title="bbox 1074 3442 1665 3508">
     <span class='ocr_line' id='line_1_94' title="bbox 1074 3442 1665 3508; baseline 0.014 -8"><span class='ocrx_word' id='word_1_446' title='bbox 1074 3472 1078 3485; x_wconf 90' lang='lat'><strong>·</strong></span> <span class='ocrx_word' id='word_1_447' title='bbox 1158 3442 1259 3506; x_wconf 68' lang='lat' dir='ltr'><strong>illinisti</strong></span> <span class='ocrx_word' id='word_1_448' title='bbox 1274 3450 1418 3506; x_wconf 84' lang='lat' dir='ltr'><strong>meditatio</strong></span> <span class='ocrx_word' id='word_1_449' title='bbox 1431 3451 1560 3508; x_wconf 86' lang='lat' dir='ltr'><strong>elbusest</strong></span> <span class='ocrx_word' id='word_1_450' title='bbox 1571 3466 1665 3508; x_wconf 91' lang='lat' dir='ltr'><strong>eorum</strong></span> 
     </span>
    </p>
   </div>
   <div class='ocr_carea' id='block_1_12' title="bbox 1132 3541 1877 5249">
    <p class='ocr_par' dir='ltr' id='par_1_23' title="bbox 1132 3541 1877 5249">
     <span class='ocr_line' id='line_1_95' title="bbox 1158 3541 1803 3616; baseline 0.009 -19"><span class='ocrx_word' id='word_1_451' title='bbox 1158 3541 1209 3607; x_wconf 85' lang='lat' dir='ltr'><strong>Oui</strong></span> <span class='ocrx_word' id='word_1_452' title='bbox 1226 3556 1275 3612; x_wconf 90' lang='lat' dir='ltr'><strong>per</strong></span> <span class='ocrx_word' id='word_1_453' title='bbox 1290 3541 1362 3598; x_wconf 89' lang='lat' dir='ltr'><strong>riam</strong></span> <span class='ocrx_word' id='word_1_454' title='bbox 1377 3542 1516 3599; x_wconf 89' lang='lat' dir='ltr'><strong>ambulant</strong></span> <span class='ocrx_word' id='word_1_455' title='bbox 1529 3544 1587 3616; x_wconf 86' lang='lat' dir='ltr'><strong>ejus</strong></span> <span class='ocrx_word' id='word_1_456' title='bbox 1604 3544 1803 3603; x_wconf 83' lang='lat' dir='ltr'><strong>mandatorum.</strong></span> 
     </span>
     <span class='ocr_line' id='line_1_96' title="bbox 1132 3629 1830 3715; baseline 0.011 -32"><span class='ocrx_word' id='word_1_457' title='bbox 1132 3702 1140 3715; x_wconf 94' lang='lat'><em>.</em></span> <span class='ocrx_word' id='word_1_458' title='bbox 1192 3629 1299 3686; x_wconf 82' lang='lat' dir='ltr'><strong>Ventris</strong></span> <span class='ocrx_word' id='word_1_459' title='bbox 1314 3630 1495 3699; x_wconf 84' lang='lat' dir='ltr'><strong>babitaculum</strong></span> <span class='ocrx_word' id='word_1_460' title='bbox 1509 3631 1567 3687; x_wconf 84' lang='lat' dir='ltr'><strong>llcx</strong></span> <span class='ocrx_word' id='word_1_461' title='bbox 1581 3647 1674 3704; x_wconf 89' lang='lat' dir='ltr'><strong>regum</strong></span> <span class='ocrx_word' id='word_1_462' title='bbox 1691 3634 1803 3691; x_wconf 86' lang='lat' dir='ltr'><strong>intrarit</strong></span> <span class='ocrx_word' id='word_1_463' title='bbox 1820 3674 1830 3711; x_wconf 79' lang='grc'><strong><em>,</em></strong></span> 
     </span>
     <span class='ocr_line' id='line_1_97' title="bbox 1155 3720 1689 3793; baseline 0.015 -19"><span class='ocrx_word' id='word_1_464' title='bbox 1155 3720 1239 3793; x_wconf 78' lang='lat' dir='ltr'><strong>Cujus</strong></span> <span class='ocrx_word' id='word_1_465' title='bbox 1253 3722 1457 3779; x_wconf 87' lang='lat' dir='ltr'><strong>tabernaculum</strong></span> <span class='ocrx_word' id='word_1_466' title='bbox 1467 3723 1519 3781; x_wconf 91' lang='lat' dir='ltr'><strong>sibi</strong></span> <span class='ocrx_word' id='word_1_467' title='bbox 1534 3724 1689 3782; x_wconf 83' lang='lat' dir='ltr'><strong>dedicarit:</strong></span> 
     </span>
     <span class='ocr_line' id='line_1_98' title="bbox 1155 3811 1852 3886; baseline 0.007 -19"><span class='ocrx_word' id='word_1_468' title='bbox 1155 3811 1278 3869; x_wconf 85' lang='lat' dir='ltr'><strong>Condeus</strong></span> <span class='ocrx_word' id='word_1_469' title='bbox 1293 3811 1330 3869; x_wconf 92' lang='lat' dir='ltr'><strong>ibi</strong></span> <span class='ocrx_word' id='word_1_470' title='bbox 1340 3813 1470 3884; x_wconf 90' lang='lat' dir='ltr'><strong>gladium,</strong></span> <span class='ocrx_word' id='word_1_471' title='bbox 1484 3829 1534 3885; x_wconf 88' lang='lat' dir='ltr'><strong>per</strong></span> <span class='ocrx_word' id='word_1_472' title='bbox 1545 3830 1625 3886; x_wconf 87' lang='lat' dir='ltr'><strong>quem</strong></span> <span class='ocrx_word' id='word_1_473' title='bbox 1640 3816 1744 3873; x_wconf 88' lang='lat' dir='ltr'><strong>bostem</strong></span> <span class='ocrx_word' id='word_1_474' title='bbox 1757 3819 1852 3873; x_wconf 83' lang='lat' dir='ltr'><strong>strauit</strong></span> 
     </span>
     <span class='ocr_line' id='line_1_99' title="bbox 1154 3905 1782 3978; baseline 0.003 -18"><span class='ocrx_word' id='word_1_475' title='bbox 1154 3905 1189 3960; x_wconf 82' lang='lat' dir='ltr'><strong>lit</strong></span> <span class='ocrx_word' id='word_1_476' title='bbox 1201 3914 1302 3961; x_wconf 81' lang='lat' dir='ltr'><strong>marina</strong></span> <span class='ocrx_word' id='word_1_477' title='bbox 1319 3905 1520 3972; x_wconf 85' lang='lat' dir='ltr'><strong>dulcissimum,</strong></span> <span class='ocrx_word' id='word_1_478' title='bbox 1529 3921 1583 3978; x_wconf 84' lang='lat' dir='ltr'><strong>quo</strong></span> <span class='ocrx_word' id='word_1_479' title='bbox 1595 3907 1688 3964; x_wconf 83' lang='lat' dir='ltr'><strong>fideles</strong></span> <span class='ocrx_word' id='word_1_480' title='bbox 1699 3909 1782 3978; x_wconf 84' lang='lat' dir='ltr'><strong>parit.</strong></span> 
     </span>
     <span class='ocr_line' id='line_1_100' title="bbox 1183 3968 1824 4068; baseline 0.008 -18"><span class='ocrx_word' id='word_1_481' title='bbox 1183 3968 1240 4051; x_wconf 62' lang='lat' dir='ltr'><strong>lul</strong></span> <span class='ocrx_word' id='word_1_482' title='bbox 1251 4009 1332 4067; x_wconf 90' lang='lat' dir='ltr'><strong>sapor</strong></span> <span class='ocrx_word' id='word_1_483' title='bbox 1346 3996 1475 4068; x_wconf 85' lang='lat' dir='ltr'><strong>germinis</strong></span> <span class='ocrx_word' id='word_1_484' title='bbox 1486 4005 1608 4053; x_wconf 89' lang='lat' dir='ltr'><strong>nostrum</strong></span> <span class='ocrx_word' id='word_1_485' title='bbox 1623 4007 1665 4054; x_wconf 89' lang='lat' dir='ltr'><strong>est</strong></span> <span class='ocrx_word' id='word_1_486' title='bbox 1679 3998 1800 4055; x_wconf 76' lang='lat' dir='ltr'><strong>solanum</strong></span> <span class='ocrx_word' id='word_1_487' title='bbox 1816 4016 1824 4054; x_wconf 74' lang='lat' dir='ltr'><strong>s</strong></span> 
     </span>
     <span class='ocr_line' id='line_1_101' title="bbox 1152 4087 1760 4160; baseline 0.007 -18"><span class='ocrx_word' id='word_1_488' title='bbox 1152 4088 1205 4143; x_wconf 82' lang='lat' dir='ltr'><strong>Per</strong></span> <span class='ocrx_word' id='word_1_489' title='bbox 1218 4096 1243 4144; x_wconf 86' lang='lat' dir='ltr'><strong>tc</strong></span> <span class='ocrx_word' id='word_1_490' title='bbox 1257 4087 1319 4144; x_wconf 75' lang='lat' dir='ltr'><strong>sitm</strong></span> <span class='ocrx_word' id='word_1_491' title='bbox 1331 4087 1495 4160; x_wconf 90' lang='lat' dir='ltr'><strong>sumpsimus</strong></span> <span class='ocrx_word' id='word_1_492' title='bbox 1504 4096 1613 4144; x_wconf 80' lang='lat' dir='ltr'><strong>aeternae</strong></span> <span class='ocrx_word' id='word_1_493' title='bbox 1626 4089 1760 4157; x_wconf 85' lang='lat' dir='ltr'><strong>libamen,</strong></span> 
     </span>
     <span class='ocr_line' id='line_1_102' title="bbox 1151 4176 1832 4250; baseline 0.001 -16"><span class='ocrx_word' id='word_1_494' title='bbox 1151 4180 1237 4247; x_wconf 82' lang='lat' dir='ltr'><strong>Quam</strong></span> <span class='ocrx_word' id='word_1_495' title='bbox 1252 4179 1297 4234; x_wconf 90' lang='lat' dir='ltr'><strong>det</strong></span> <span class='ocrx_word' id='word_1_496' title='bbox 1307 4178 1386 4233; x_wconf 84' lang='lat' dir='ltr'><strong>uobis</strong></span> <span class='ocrx_word' id='word_1_497' title='bbox 1397 4176 1527 4233; x_wconf 82' lang='lat' dir='ltr'><strong>Dominus</strong></span> <span class='ocrx_word' id='word_1_498' title='bbox 1536 4192 1586 4249; x_wconf 86' lang='lat' dir='ltr'><strong>per</strong></span> <span class='ocrx_word' id='word_1_499' title='bbox 1595 4189 1674 4243; x_wconf 79' lang='lat' dir='ltr'><strong>tuum</strong></span> <span class='ocrx_word' id='word_1_500' title='bbox 1686 4180 1832 4250; x_wconf 79' lang='lat' dir='ltr'><strong>juramen,</strong></span> 
     </span>
     <span class='ocr_line' id='line_1_103' title="bbox 1152 4265 1735 4336; baseline 0.003 -13"><span class='ocrx_word' id='word_1_501' title='bbox 1152 4268 1203 4336; x_wconf 83' lang='lat' dir='ltr'><strong>Qui</strong></span> <span class='ocrx_word' id='word_1_502' title='bbox 1216 4268 1282 4322; x_wconf 84' lang='lat' dir='ltr'><strong>vivit</strong></span> <span class='ocrx_word' id='word_1_503' title='bbox 1296 4265 1433 4323; x_wconf 73' lang='lat' dir='ltr'><strong>insaecula</strong></span> <span class='ocrx_word' id='word_1_504' title='bbox 1448 4266 1619 4323; x_wconf 72' lang='lat' dir='ltr'><strong>smubrun.</strong></span> <span class='ocrx_word' id='word_1_505' title='bbox 1638 4267 1735 4325; x_wconf 73' lang='lat' dir='ltr'><strong>Amen.</strong></span> 
     </span>
     <span class='ocr_line' id='line_1_104' title="bbox 1213 4356 1877 4432; baseline 0.002 -17"><span class='ocrx_word' id='word_1_506' title='bbox 1213 4356 1304 4415; x_wconf 78' lang='lat' dir='ltr'><strong>lxlv.</strong></span> <span class='ocrx_word' id='word_1_507' title='bbox 1323 4357 1366 4412; x_wconf 82' lang='lat' dir='ltr'><strong>dd</strong></span> <span class='ocrx_word' id='word_1_508' title='bbox 1384 4357 1501 4413; x_wconf 83' lang='lat' dir='ltr'><strong>eamdent</strong></span> <span class='ocrx_word' id='word_1_509' title='bbox 1520 4359 1712 4415; x_wconf 79' lang='lat' dir='ltr'><strong>sanctissimam</strong></span> <span class='ocrx_word' id='word_1_510' title='bbox 1735 4358 1877 4432; x_wconf 74' lang='lat' dir='ltr'><strong>Virginem.</strong></span> 
     </span>
     <span class='ocr_line' id='line_1_105' title="bbox 1296 4432 1796 4520; baseline 0.012 -18"><span class='ocrx_word' id='word_1_511' title='bbox 1296 4446 1391 4502; x_wconf 79' lang='lat' dir='ltr'><strong>Versus</strong></span> <span class='ocrx_word' id='word_1_512' title='bbox 1409 4455 1500 4501; x_wconf 87' lang='lat' dir='ltr'><strong>contro</strong></span> <span class='ocrx_word' id='word_1_513' title='bbox 1512 4432 1618 4520; x_wconf 54' lang='lat' dir='ltr'><strong>&#39;tempor</strong></span> <span class='ocrx_word' id='word_1_514' title='bbox 1640 4448 1796 4508; x_wconf 80' lang='lat' dir='ltr'><strong>nubilorum.</strong></span> 
     </span>
     <span class='ocr_line' id='line_1_106' title="bbox 1187 4538 1846 4613; baseline 0.009 -19"><span class='ocrx_word' id='word_1_515' title='bbox 1187 4538 1392 4608; x_wconf 66' lang='lat' dir='ltr'><strong>bonisensium,</strong></span> <span class='ocrx_word' id='word_1_516' title='bbox 1406 4538 1610 4609; x_wconf 79' lang='lat' dir='ltr'><strong>edominatrix,</strong></span> <span class='ocrx_word' id='word_1_517' title='bbox 1625 4543 1740 4613; x_wconf 80' lang='lat' dir='ltr'><strong>precipe</strong></span> <span class='ocrx_word' id='word_1_518' title='bbox 1754 4543 1846 4612; x_wconf 88' lang='lat' dir='ltr'><strong>dictu,</strong></span> 
     </span>
     <span class='ocr_line' id='line_1_107' title="bbox 1152 4630 1836 4704; baseline 0.006 -18"><span class='ocrx_word' id='word_1_519' title='bbox 1152 4630 1191 4687; x_wconf 81' lang='lat' dir='ltr'><strong>lle</strong></span> <span class='ocrx_word' id='word_1_520' title='bbox 1204 4630 1384 4694; x_wconf 82' lang='lat' dir='ltr'><strong>devastemur,</strong></span> <span class='ocrx_word' id='word_1_521' title='bbox 1403 4645 1439 4686; x_wconf 87' lang='lat' dir='ltr'><strong>ne</strong></span> <span class='ocrx_word' id='word_1_522' title='bbox 1449 4630 1600 4701; x_wconf 87' lang='lat' dir='ltr'><strong>lapidemur</strong></span> <span class='ocrx_word' id='word_1_523' title='bbox 1612 4633 1753 4704; x_wconf 71' lang='lat' dir='ltr'><strong>grandinis</strong></span> <span class='ocrx_word' id='word_1_524' title='bbox 1770 4635 1836 4691; x_wconf 89' lang='lat' dir='ltr'><strong>ictu.</strong></span> 
     </span>
     <span class='ocr_line' id='line_1_108' title="bbox 1151 4719 1786 4792; baseline 0.006 -16"><span class='ocrx_word' id='word_1_525' title='bbox 1151 4721 1198 4777; x_wconf 86' lang='lat' dir='ltr'><strong>Est</strong></span> <span class='ocrx_word' id='word_1_526' title='bbox 1211 4720 1260 4777; x_wconf 92' lang='lat' dir='ltr'><strong>tibi</strong></span> <span class='ocrx_word' id='word_1_527' title='bbox 1274 4719 1345 4776; x_wconf 86' lang='lat' dir='ltr'><strong>latus</strong></span> <span class='ocrx_word' id='word_1_528' title='bbox 1357 4720 1542 4791; x_wconf 75' lang='lat' dir='ltr'><strong>pontificatus,</strong></span> <span class='ocrx_word' id='word_1_529' title='bbox 1558 4732 1646 4779; x_wconf 91' lang='lat' dir='ltr'><strong>mater</strong></span> <span class='ocrx_word' id='word_1_530' title='bbox 1660 4724 1696 4780; x_wconf 90' lang='lat' dir='ltr'><strong>ab</strong></span> <span class='ocrx_word' id='word_1_531' title='bbox 1709 4739 1786 4792; x_wconf 69' lang='grc' dir='ltr'><strong>ειυς</strong></span> 
     </span>
     <span class='ocr_line' id='line_1_109' title="bbox 1151 4810 1808 4881; baseline 0.005 -17"><span class='ocrx_word' id='word_1_532' title='bbox 1151 4810 1222 4881; x_wconf 83' lang='lat' dir='ltr'><strong>Ergo</strong></span> <span class='ocrx_word' id='word_1_533' title='bbox 1232 4823 1385 4880; x_wconf 88' lang='lat' dir='ltr'><strong>precamur,</strong></span> <span class='ocrx_word' id='word_1_534' title='bbox 1397 4823 1432 4866; x_wconf 91' lang='lat' dir='ltr'><strong>ne</strong></span> <span class='ocrx_word' id='word_1_535' title='bbox 1445 4810 1596 4865; x_wconf 89' lang='lat' dir='ltr'><strong>moriamur</strong></span> <span class='ocrx_word' id='word_1_536' title='bbox 1609 4810 1716 4867; x_wconf 88' lang='lat' dir='ltr'><strong>turbiue</strong></span> <span class='ocrx_word' id='word_1_537' title='bbox 1728 4826 1808 4867; x_wconf 84' lang='lat' dir='ltr'><strong>saeuo.</strong></span> 
     </span>
     <span class='ocr_line' id='line_1_110' title="bbox 1151 4899 1828 4971; baseline 0.001 -16"><span class='ocrx_word' id='word_1_538' title='bbox 1151 4900 1268 4955; x_wconf 82' lang='lat' dir='ltr'><strong>Turbida</strong></span> <span class='ocrx_word' id='word_1_539' title='bbox 1285 4899 1356 4965; x_wconf 93' lang='lat' dir='ltr'><strong>leni,</strong></span> <span class='ocrx_word' id='word_1_540' title='bbox 1372 4900 1461 4970; x_wconf 77' lang='lat' dir='ltr'><strong>dequo</strong></span> <span class='ocrx_word' id='word_1_541' title='bbox 1479 4900 1570 4957; x_wconf 82' lang='lat' dir='ltr'><strong>sereni</strong></span> <span class='ocrx_word' id='word_1_542' title='bbox 1585 4900 1714 4971; x_wconf 86' lang='lat' dir='ltr'><strong>temporis</strong></span> <span class='ocrx_word' id='word_1_543' title='bbox 1727 4917 1828 4957; x_wconf 88' lang='lat' dir='ltr'><strong>usum:</strong></span> 
     </span>
     <span class='ocr_line' id='line_1_111' title="bbox 1150 4989 1865 5057; baseline 0.008 -13"><span class='ocrx_word' id='word_1_544' title='bbox 1150 4989 1242 5045; x_wconf 82' lang='lat' dir='ltr'><strong>liedda</strong></span> <span class='ocrx_word' id='word_1_545' title='bbox 1253 5001 1378 5046; x_wconf 86' lang='lat' dir='ltr'><strong>serenum</strong></span> <span class='ocrx_word' id='word_1_546' title='bbox 1389 4989 1465 5046; x_wconf 84' lang='lat' dir='ltr'><strong>sidus</strong></span> <span class='ocrx_word' id='word_1_547' title='bbox 1478 5002 1626 5057; x_wconf 84' lang='lat' dir='ltr'><strong>amoenum,</strong></span> <span class='ocrx_word' id='word_1_548' title='bbox 1639 4992 1711 5048; x_wconf 90' lang='lat' dir='ltr'><strong>nube</strong></span> <span class='ocrx_word' id='word_1_549' title='bbox 1722 4992 1865 5050; x_wconf 83' lang='lat' dir='ltr'><strong>reclusum.</strong></span> 
     </span>
     <span class='ocr_line' id='line_1_112' title="bbox 1150 5080 1827 5157; baseline 0.009 -21"><span class='ocrx_word' id='word_1_550' title='bbox 1150 5080 1243 5154; x_wconf 86' lang='lat' dir='ltr'><strong>iiirgo,</strong></span> <span class='ocrx_word' id='word_1_551' title='bbox 1256 5096 1394 5155; x_wconf 82' lang='lat' dir='ltr'><strong>rogamus,</strong></span> <span class='ocrx_word' id='word_1_552' title='bbox 1406 5097 1440 5139; x_wconf 88' lang='lat' dir='ltr'><strong>ue</strong></span> <span class='ocrx_word' id='word_1_553' title='bbox 1448 5094 1595 5152; x_wconf 79' lang='lat' dir='ltr'><strong>pereamus</strong></span> <span class='ocrx_word' id='word_1_554' title='bbox 1608 5094 1695 5157; x_wconf 86' lang='lat' dir='ltr'><strong>peste,</strong></span> <span class='ocrx_word' id='word_1_555' title='bbox 1710 5085 1753 5142; x_wconf 83' lang='lat' dir='ltr'><strong>rel</strong></span> <span class='ocrx_word' id='word_1_556' title='bbox 1766 5086 1827 5154; x_wconf 83' lang='lat' dir='ltr'><strong>ira;</strong></span> 
     </span>
     <span class='ocr_line' id='line_1_113' title="bbox 1149 5175 1828 5249; baseline 0 -18"><span class='ocrx_word' id='word_1_557' title='bbox 1149 5175 1230 5232; x_wconf 84' lang='lat' dir='ltr'><strong>Tetra</strong></span> <span class='ocrx_word' id='word_1_558' title='bbox 1240 5176 1373 5241; x_wconf 83' lang='lat' dir='ltr'><strong>diescant,</strong></span> <span class='ocrx_word' id='word_1_559' title='bbox 1388 5185 1471 5233; x_wconf 84' lang='lat' dir='ltr'><strong>atoue</strong></span> <span class='ocrx_word' id='word_1_560' title='bbox 1485 5177 1627 5237; x_wconf 87' lang='lat' dir='ltr'><strong>ouiesoant</strong></span> <span class='ocrx_word' id='word_1_561' title='bbox 1638 5176 1745 5249; x_wconf 83' lang='lat' dir='ltr'><strong>lulgma</strong></span> <span class='ocrx_word' id='word_1_562' title='bbox 1758 5178 1828 5233; x_wconf 82' lang='lat' dir='ltr'><strong>dira.</strong></span> 
     </span>
    </p>
   </div>
   <div class='ocr_carea' id='block_1_13' title="bbox 1145 5284 1914 5704">
    <p class='ocr_par' dir='ltr' id='par_1_24' title="bbox 1145 5284 1914 5704">
     <span class='ocr_line' id='line_1_114' title="bbox 1164 5284 1914 5412; baseline 0.001 -69"><span class='ocrx_word' id='word_1_563' title='bbox 1164 5286 1246 5344; x_wconf 76' lang='lat' dir='ltr'><strong>uiti.</strong></span> <span class='ocrx_word' id='word_1_564' title='bbox 1266 5284 1463 5344; x_wconf 83' lang='lat' dir='ltr'><strong>Paractericrtnr</strong></span> <span class='ocrx_word' id='word_1_565' title='bbox 1482 5304 1588 5412; x_wconf 42' lang='grc' dir='ltr'><strong>εἴπειε</strong></span> <span class='ocrx_word' id='word_1_566' title='bbox 1600 5288 1633 5345; x_wconf 81' lang='lat' dir='ltr'><strong>de</strong></span> <span class='ocrx_word' id='word_1_567' title='bbox 1646 5291 1738 5346; x_wconf 68' lang='lat' dir='ltr'><strong>eodem</strong></span> <span class='ocrx_word' id='word_1_568' title='bbox 1751 5293 1914 5346; x_wconf 68' lang='lat' dir='ltr'><strong>ruminarem</strong></span> 
     </span>
     <span class='ocr_line' id='line_1_115' title="bbox 1510 5375 1604 5413; baseline 0.011 -1"><span class='ocrx_word' id='word_1_569' title='bbox 1510 5375 1535 5412; x_wconf 79' lang='lat' dir='ltr'><strong>tr</strong></span> <span class='ocrx_word' id='word_1_570' title='bbox 1553 5375 1604 5413; x_wconf 79' lang='lat' dir='ltr'><strong>nne.</strong></span> 
     </span>
     <span class='ocr_line' id='line_1_116' title="bbox 1145 5375 1886 5520; baseline 0.001 -18"><span class='ocrx_word' id='word_1_571' title='bbox 1145 5446 1245 5513; x_wconf 87' lang='lat' dir='ltr'><strong>Scala,</strong></span> <span class='ocrx_word' id='word_1_572' title='bbox 1260 5447 1429 5518; x_wconf 84' lang='lat' dir='ltr'><strong>thronusque</strong></span> <span class='ocrx_word' id='word_1_573' title='bbox 1441 5445 1507 5514; x_wconf 87' lang='lat' dir='ltr'><strong>bei,</strong></span> <span class='ocrx_word' id='word_1_574' title='bbox 1523 5375 1595 5503; x_wconf 54' lang='lat' dir='ltr'><strong>noim</strong></span> <span class='ocrx_word' id='word_1_575' title='bbox 1614 5448 1698 5513; x_wconf 89' lang='lat' dir='ltr'><strong>orbis,</strong></span> <span class='ocrx_word' id='word_1_576' title='bbox 1709 5448 1792 5520; x_wconf 77' lang='lat' dir='ltr'><strong>janum</strong></span> <span class='ocrx_word' id='word_1_577' title='bbox 1807 5450 1886 5509; x_wconf 75' lang='lat' dir='ltr'><strong>cuii.</strong></span> 
     </span>
     <span class='ocr_line' id='line_1_117' title="bbox 1182 5538 1816 5609; baseline 0.005 -16"><span class='ocrx_word' id='word_1_578' title='bbox 1182 5539 1277 5606; x_wconf 91' lang='lat' dir='ltr'><strong>ldater,</strong></span> <span class='ocrx_word' id='word_1_579' title='bbox 1293 5538 1465 5604; x_wconf 77' lang='lat' dir='ltr'><strong>antechristi,</strong></span> <span class='ocrx_word' id='word_1_580' title='bbox 1479 5538 1552 5594; x_wconf 88' lang='lat' dir='ltr'><strong>scala</strong></span> <span class='ocrx_word' id='word_1_581' title='bbox 1568 5540 1736 5609; x_wconf 80' lang='lat' dir='ltr'><strong>thronusque</strong></span> <span class='ocrx_word' id='word_1_582' title='bbox 1752 5542 1816 5608; x_wconf 64' lang='lat' dir='ltr'><strong>ban</strong></span> 
     </span>
     <span class='ocr_line' id='line_1_118' title="bbox 1148 5627 1872 5704; baseline 0.006 -20"><span class='ocrx_word' id='word_1_583' title='bbox 1148 5629 1187 5684; x_wconf 83' lang='lat' dir='ltr'><strong>Tu</strong></span> <span class='ocrx_word' id='word_1_584' title='bbox 1203 5645 1271 5685; x_wconf 84' lang='lat' dir='ltr'><strong>nora</strong></span> <span class='ocrx_word' id='word_1_585' title='bbox 1285 5627 1362 5684; x_wconf 86' lang='lat' dir='ltr'><strong>stella</strong></span> <span class='ocrx_word' id='word_1_586' title='bbox 1377 5630 1471 5695; x_wconf 85' lang='lat' dir='ltr'><strong>maris,</strong></span> <span class='ocrx_word' id='word_1_587' title='bbox 1487 5645 1541 5700; x_wconf 83' lang='lat' dir='ltr'><strong>qua</strong></span> <span class='ocrx_word' id='word_1_588' title='bbox 1551 5629 1596 5704; x_wconf 77' lang='lat' dir='ltr'><strong>lur</strong></span> <span class='ocrx_word' id='word_1_589' title='bbox 1611 5639 1653 5685; x_wconf 87' lang='lat' dir='ltr'><strong>est</strong></span> <span class='ocrx_word' id='word_1_590' title='bbox 1666 5630 1769 5684; x_wconf 82' lang='lat' dir='ltr'><strong>reddita</strong></span> <span class='ocrx_word' id='word_1_591' title='bbox 1785 5631 1872 5688; x_wconf 78' lang='lat' dir='ltr'><strong>terris,</strong></span> 
     </span>
    </p>
   </div>
   <div class='ocr_carea' id='block_1_14' title="bbox 1182 5721 1759 5786">
    <p class='ocr_par' dir='ltr' id='par_1_25' title="bbox 1182 5721 1759 5786">
     <span class='ocr_line' id='line_1_119' title="bbox 1182 5721 1759 5786; baseline -0.009 -8"><span class='ocrx_word' id='word_1_592' title='bbox 1182 5723 1264 5778; x_wconf 77' lang='lat' dir='ltr'><strong>Ortus</strong></span> <span class='ocrx_word' id='word_1_593' title='bbox 1276 5732 1303 5777; x_wconf 90' lang='lat' dir='ltr'><strong>et</strong></span> <span class='ocrx_word' id='word_1_594' title='bbox 1316 5737 1346 5777; x_wconf 87' lang='lat' dir='ltr'><strong>es</strong></span> <span class='ocrx_word' id='word_1_595' title='bbox 1363 5721 1440 5786; x_wconf 87' lang='lat' dir='ltr'><strong>solis,</strong></span> <span class='ocrx_word' id='word_1_596' title='bbox 1452 5729 1480 5776; x_wconf 94' lang='lat' dir='ltr'><strong>tu</strong></span> <span class='ocrx_word' id='word_1_597' title='bbox 1495 5736 1562 5781; x_wconf 80' lang='lat' dir='ltr'><strong>nora</strong></span> <span class='ocrx_word' id='word_1_598' title='bbox 1576 5721 1654 5777; x_wconf 81' lang='lat' dir='ltr'><strong>steila</strong></span> <span class='ocrx_word' id='word_1_599' title='bbox 1666 5723 1759 5777; x_wconf 86' lang='lat' dir='ltr'><strong>maris.</strong></span> 
     </span>
    </p>
   </div>
   <div class='ocr_carea' id='block_1_15' title="bbox 0 0 2014 6192">
    <p class='ocr_par' dir='ltr' id='par_1_26' title="bbox 0 0 2014 6192">
     <span class='ocr_line' id='line_1_120' title="bbox 0 0 2014 6192; baseline 0 2"><span class='ocrx_word' id='word_1_600' title='bbox 0 0 2014 6192; x_wconf 95' lang='lat' dir='ltr'><strong> </strong></span> 
     </span>
    </p>
   </div>
  </div>
 </body>
</html>
