4017 6192
171 198 240 269 {057
825 203 861 260 m
880 204 1008 262 btbnbd
1027 203 1160 264 bitttbitt
1744 217 1814 276 1038

481 315 596 375 esebi
615 312 647 374 i.
976 312 1066 384 Acis,
1079 316 1155 390 quasi
1172 318 1282 390 quidam
1305 317 1491 377 interr-emens
1508 336 1613 391 murus,
1636 324 1766 394 esclnsrt',
1782 341 1813 385 ut

302 410 336 468 in
353 427 472 467 sermone
490 412 523 467 de
536 412 672 467 nativitate
691 408 723 466 S.
735 406 841 465 iiuritm
870 435 876 444 ·
985 422 1000 484 j
1018 423 1101 465 mnas
1116 408 1223 464 tamma
1236 408 1368 482 deglutiat
1382 410 1506 470 inlideles
1517 427 1654 485 quosque,
1668 414 1703 472 de
1714 410 1814 489 quibui

205 501 284 559 liunc
303 502 385 573 plane
403 501 581 558 mediatorem
595 500 643 557 liei
663 508 693 557 ct
710 499 862 565 bominum,
876 496 967 556 boml-
1018 500 1150 571 scriptum
1171 509 1234 555 est:
1249 518 1259 552 t
1275 498 1354 556 Nunc
1376 500 1448 573 ignis
1468 500 1644 561 aduersarios
1665 509 1819 574 mrsumit,

171 609 234 651 nem
244 592 501 661 Cirristumiesum,
514 591 562 663 qui
576 605 625 664 per
643 589 820 662 semetipsum
839 591 866 644 in
880 587 969 645 sran-
1018 600 1047 647 ιι
1068 590 1153 662 justi,
1175 593 1221 663 qni
1245 593 1298 649 ilde
1316 593 1429 660 sinunt,
1453 595 1610 653 incendium
1633 597 1816 658 mmnstlenls

171 685 242 756 gello
264 691 410 740 testatur:
435 700 446 734 ι
464 681 522 755 Ego
545 695 623 747 sum,
646 674 790 751 inquiens,
815 678 879 734 sitis
902 693 969 734 sera
1019 686 1140 741 eradunt
1162 683 1257 747 (liele.
1269 686 1309 757 ι).
1325 704 1335 738 ι
1354 684 1476 754 Quorum
1490 695 1660 745 mortuorum
1678 699 1761 764 atque
1775 693 1817 749 ri·

172 774 264 849 (ioan.
278 776 335 847 rt),
352 792 362 828 ι
382 775 479 830 botrus
497 771 543 829 iile
560 772 717 844 signaverat
737 785 818 843 quem
836 770 869 826 de
894 779 968 826 terra
1019 772 1208 844 centiumiam
1224 785 1252 831 ιι
1267 773 1318 846 ipsi
1338 774 1460 833 latrones
1484 787 1637 834 noscuntur
1658 776 1744 837 fuisse
1757 782 1816 853 pri.

172 869 362 944 promissionis
392 869 581 941 exploratores
614 866 642 924 in
670 866 806 939 phalanga
834 867 868 922 ad
899 862 970 924 dlios
1019 866 1113 932 mitia,
1142 867 1214 924 inter
1227 867 1439 941 quorbomtnm
1462 869 1610 928 crucilixns
1630 880 1813 945 eat,quotum

172 960 255 1020 lsrael
271 960 431 1018 deserebant
448 958 545 1033 (Nam.
576 956 649 1033 ιιι).
679 950 971 1029 Duobusautempor·
1020 959 1090 1015 alter
1107 959 1221 1028 clectus,
1242 959 1313 1018 alter
1326 968 1369 1018 est
1387 961 1485 1021 merito
1506 963 1628 1036 perlldite
1644 968 1815 1038 reprobatus.
1921 1038 1925 1047 Ι

174 1055 301 1112 titoribus
320 1053 386 1111 binc
403 1053 467 1110 inde
483 1051 644 1124 suppositis,
663 1050 749 1109 altero
759 1044 886 1108 videlicet
900 1063 971 1121 pre·
1019 1049 1078 1108 lloc
1093 1050 1187 1123 itaque
1200 1052 1350 1124 tbymiama
1368 1053 1496 1110 sacrillcii
1511 1055 1641 1113 salutaris
1665 1066 1748 1129 atque
1761 1058 1819 1116 sin·

174 1148 298 1213 cedente,
315 1146 404 1202 altero
416 1144 612 1216 subsequente,
632 1144 729 1200 botrus
749 1138 776 1200 in
791 1143 880 1200 medio
897 1143 970 1200 iere·
1019 1138 1129 1212 palaris,
1151 1143 1223 1211 quod
1243 1140 1272 1195 in
1293 1155 1342 1196 ara
1357 1142 1448 1199 crucis
1467 1142 1590 1199 oblatum
1605 1153 1648 1201 est
1660 1144 1716 1203 lieo
1730 1146 1816 1212 Patri,

173 1239 265 1303 batur,
285 1235 530 1308 qnialledemptor
548 1244 652 1300 noster,
667 1234 732 1293 dunt
747 1228 969 1292 aPatribusVe·
1019 1245 1099 1287 mons
1126 1228 1171 1288 ille
1197 1230 1366 1288 tonitrubus
1394 1231 1467 1289 inter
1494 1242 1617 1290 mortuos
1642 1235 1818 1309 virentesque

174 1330 242 1387 teris
259 1327 427 1386 Testamenti
447 1335 580 1384 secturus
596 1340 658 1384 esse
680 1325 850 1398 praedicitur,
874 1323 969 1382 siloni
1018 1322 1153 1393 portarit,
1168 1338 1230 1378 cnm
1243 1322 1355 1380 odorem
1371 1337 1428 1380 suar
1440 1323 1546 1381 notitiae
1559 1339 1609 1398 per
1622 1324 1717 1385 tideies
1729 1338 1758 1385 et
1774 1328 1818 1385 in·

172 1432 239 1475 sero
259 1415 485 1489 praedicatoribus
498 1414 558 1485 jam
578 1414 688 1472 uenisse
714 1415 868 1482 truntiatur,
890 1413 969 1487 quasi
1019 1410 1815 1492 bueteseltnuit,bruemtittuuincartictsmbugamum

173 1508 269 1566 botrus
293 1507 320 1564 in
342 1506 480 1580 phalanga
505 1505 640 1575 delectur,
662 1514 693 1563 ut
716 1505 752 1563 ad
773 1505 969 1580 capessendam
1018 1500 1133 1559 ιιιιιιιι
1144 1517 1244 1559 nomen
1258 1501 1431 1577 mamiliam.
1443 1502 1498 1577 r).s
1513 1504 1547 1560 iit
1558 1506 1720 1577 spostolus:
1735 1526 1745 1560 ι
1760 1507 1817 1565 lieo

173 1612 298 1672 superne
317 1595 538 1669 repromissionis
561 1605 663 1671 terram
684 1611 764 1654 mens
783 1595 904 1652 fidelium
922 1609 967 1651 ac»
1019 1599 1109 1647 autem
1122 1591 1235 1663 gratias,
1250 1592 1298 1663 qui
1312 1607 1422 1664 semper
1436 1593 1588 1665 triumphat
1599 1610 1650 1653 nos
1665 1597 1693 1652 in
1706 1595 1817 1653 cbristo

172 1693 316 1750 cettdatur.
332 1688 471 1761 ebattangs
486 1690 586 1761 quippe
602 1687 693 1745 delata
712 1687 835 1745 humeris
851 1687 969 1759 portito·
982 1683 1007 1744 B
1020 1679 1094 1744 lesu.
1110 1693 1140 1738 ct
1150 1685 1263 1739 odorem
1277 1682 1382 1739 notitia
1399 1699 1456 1740 sua
1473 1700 1583 1757 semper
1593 1685 1749 1745 manifestat
1769 1706 1818 1761 pur

172 1779 344 1846 munditias
356 1778 398 1835 les
409 1790 451 1836 est
464 1778 589 1850 imposita
601 1777 753 1834 cervicibus
762 1777 912 1851 bominum,
924 1792 969 1833 cu·
1019 1786 1070 1828 nos
1087 1770 1116 1828 in
1134 1774 1208 1830 omni
1228 1773 1304 1843 loco,
1323 1773 1388 1845 quit
1400 1774 1501 1832 Christi
1520 1776 1609 1833 bonus
1624 1778 1695 1834 odor
1716 1794 1813 1835 summ

170 1867 217 1940 jus
234 1879 328 1942 partes
341 1869 438 1926 botrus
452 1867 498 1925 ille
511 1869 618 1925 medius
630 1869 813 1935 continuatim
827 1869 890 1940 quia
906 1867 966 1925 Sal·
1018 1864 1075 1921 Deo
1088 1864 1116 1922 in
1131 1865 1166 1921 iis
1178 1865 1224 1937 qui
1239 1865 1310 1921 salvi
1323 1864 1393 1921 llunt
1406 1875 1435 1922 et
1449 1866 1476 1921 in
1490 1867 1592 1938 eisqui
1606 1877 1736 1938 pereunt;
1755 1868 1817 1927 aliis

174 1967 252 2015 sator
266 1968 369 2026 noster,
387 1958 454 2030 equi
469 1956 535 2014 iecit
548 1967 664 2030 utraque
678 1956 964 2030 unnnt(Epirea.rrl,r
1018 1953 1128 2026 quidem
1142 1957 1212 2013 odor
1223 1955 1321 2012 mortis
1340 1955 1367 2013 in
1390 1965 1520 2024 mortem,
1541 1957 1604 2014 aliis
1624 1959 1769 2020 odorritts
1788 1958 1815 2016 in

174 2066 237 2109 enm
257 2050 414 2125 evattgeliea
426 2050 550 2109 doctrina
564 2050 633 2123 legis
644 2057 672 2107 et
683 2048 878 2122 prophetarum
890 2066 967 2108 man·
1017 2047 1102 2104 sitam
1116 2046 1161 2122 (il
1172 2046 1234 2105 Cer.
1247 2048 1313 2121 ιι).ι

174 2139 238 2195 data
259 2136 410 2210 cunjunxit.
435 2137 489 2195 Sed
500 2137 547 2210 qui
561 2136 744 2209 precedebat,
759 2138 832 2210 quod
846 2137 967 2196 burneris
1319 2138 1435 2199 CAPUT
1453 2140 1509 2198 iti.

170 2226 307 2301 portabat,
319 2226 407 2284 oculis
417 2241 474 2283 nott
485 2226 610 2293 ridebam
625 2226 672 2297 qui
683 2234 776 2282 autem
789 2228 967 2299 sequebatur,
1107 2231 1142 2288 ln
1160 2248 1281 2289 ιιιιιιιιιι
1297 2233 1331 2289 de
1347 2232 1498 2289 intentione
1516 2244 1616 2292 sancte
1629 2236 1725 2294 eneis.

169 2336 240 2379 onus
257 2337 337 2378 suum
352 2334 462 2392 semper
485 2319 653 2376 intuebatur.
678 2317 731 2377 Per
745 2319 822 2378 illum
836 2336 902 2395 crgo
919 2323 966 2393 qui
1055 2338 1065 2379 ι
1082 2322 1282 2395 Precipedliis
1299 2324 1382 2381 lsrael
1396 2333 1428 2380 ιι
1441 2325 1578 2384 adducant
1590 2342 1702 2386 taccam
1714 2328 1814 2390 rutam.

169 2412 350 2484 praecedebat,
362 2410 482 2484 populus
495 2409 671 2467 iudeorum:
685 2426 736 2485 per
750 2411 826 2468 illum
839 2428 905 2469 roro
918 2413 967 2485 qui
1016 2424 1100 2474 atate
1116 2415 1233 2488 integra,
1246 2415 1306 2473 sine
1322 2415 1442 2486 macula,
1464 2431 1526 2489 quae
1547 2432 1687 2489 nunquam
1703 2421 1815 2493 pertulit
1836 2480 1838 2484 μ

168 2503 353 2574 sanabatur,
384 2515 438 2557 non
462 2500 612 2574 incongrue
638 2501 798 2574 designatur
821 2501 967 2561 multitudo
1013 2504 1108 2579 jugum
1122 2504 1218 2579 (Νιιιι.
1235 2504 1331 2579 mbr
1356 2504 1427 2561 Rois
1445 2506 1576 2564 nimirum
1598 2507 1761 2567 situlscaro
1772 2519 1815 2565 est

167 2594 300 2670 gentium.
333 2593 382 2649 lile
403 2592 478 2649 enim
501 2606 553 2664 per
573 2606 660 2649 sacra
681 2591 833 2663 Scripturas
853 2593 967 2665 paginas
1017 2594 1179 2663 saluatoris,
1192 2608 1270 2651 rosea
1291 2593 1398 2651 scilieet
1413 2594 1547 2667 carmine
1559 2596 1706 2669 passionis.
1721 2595 1815 2656 Perie-

165 2685 247 2762 qussi
265 2683 293 2740 iu
307 2682 431 2740 bumerie
444 2681 584 2740 Christum
599 2683 728 2756 portavit,
748 2682 797 2741 sed
811 2683 875 2754 quia
892 2698 965 2755 prte-
1016 2694 1068 2744 ctae
1090 2685 1200 2758 quidem
1221 2684 1312 2742 emtis
1329 2685 1461 2742 bominm
1487 2684 1522 2742 sd
1544 2685 1697 2758 passimam
1721 2689 1813 2755 neuim

166 2785 272 2837 sontem
290 2774 318 2831 in
332 2788 428 2843 mnne,
446 2771 610 2846 impediente
631 2773 800 2830 irridelitatis
822 2759 878 2831 soa
898 2774 966 2830 caii·
1015 2777 1064 2834 sed
1079 2776 1140 2849 ejus
1152 2776 1251 2834 collum
1269 2776 1365 2849 jugum
1378 2776 1485 2849 peccati
1499 2775 1646 2848 cujuslibet
1667 2793 1721 2837 nou
1734 2780 1814 2837 attri-

166 2871 241 2942 gine,
256 2883 310 2927 non
325 2866 465 2941 cognovit,
481 2867 594 2924 dorsum
615 2867 643 2924 ei
659 2866 862 2938 quodammodo
878 2867 905 2924 in
920 2865 964 2924 ia·
1015 2868 1066 2924 rit.
1097 2866 1150 2936 Qui
1169 2865 1283 2923 situlam
1304 2863 1437 2934 oderunt,
1459 2866 1591 2925 immundi
1614 2876 1692 2937 sunt;
1714 2872 1812 2943 etqui

166 2962 238 3021 dam
250 2960 340 3028 misit;
353 2959 405 3016 iste
417 2957 544 3030 seroqui
558 2958 684 3029 sequitur
696 2957 807 3030 aspicit,
821 2957 884 3028 quia
897 2973 964 3031 gen·
1015 2959 1155 3017 ὒιιίιιιιιι
1180 2958 1360 3033 crucifigunt,
1379 2961 1450 3017 uode
1467 2961 1585 3018 mundus
1607 2962 1736 3029 abluitur.
1761 2964 1813 3038 ipss

165 3051 223 3108 tilis
241 3048 580 3127 populusliedemptorem
599 3063 692 3115 suum,
709 3048 737 3105 in
753 3063 833 3122 quem
847 3039 1001 3106 ildeliterC
1016 3049 1209 3107 damnabiliter
1228 3050 1419 3122 inquinantur.
1435 3050 1487 3119 Qui
1505 3065 1581 3119 tero,
1602 3051 1722 3111 cinerem
1734 3055 1813 3112 oolli-

165 3141 263 3209 eredit,
276 3140 421 3199 msniieste
431 3138 582 3213 cognoscit.
595 3136 690 3197 Potest
700 3139 785 3197 etiam
802 3155 851 3211 per
865 3152 963 3212 repro·
1012 3160 1092 3219 gens,
1116 3152 1194 3201 extra
1216 3153 1308 3201 castra
1323 3144 1442 3217 projicit,
1466 3144 1584 3201 mundus
1598 3156 1655 3214 est;
1674 3148 1740 3220 quia
1752 3150 1814 3222 qui·

167 3231 305 3290 missionis
319 3224 420 3289 terram
442 3246 496 3289 non
517 3231 670 3304 incongrua
684 3230 773 3304 ipsum
793 3231 965 3289 beatissima
1013 3248 1122 3306 cunque
1153 3234 1246 3291 crucis
1268 3233 1417 3290 bomiuler
1439 3235 1629 3307 passionisque
1652 3237 1812 3311 nrysteelum

166 3325 214 3382 bei
227 3316 374 3383 Genitricis
395 3338 495 3396 corpus
518 3321 653 3396 intelligi,
676 3336 712 3380 en
726 3338 781 3396 quo
796 3319 964 3396 Redemptor
1012 3339 1063 3397 per
1074 3324 1168 3382 mundi
1182 3324 1352 3381 lstimdinem
1370 3325 1532 3396 praedicant,
1552 3342 1569 3382 a
1588 3338 1762 3399 peccatorum
1779 3348 1811 3389 se

166 3427 261 3475 noster
273 3417 347 3475 telut
359 3415 505 3490 singularis
518 3415 616 3477 botrus
628 3415 714 3473 noluit
726 3416 883 3473 humanitus
899 3431 963 3488 ger·
1012 3417 1138 3488 contagio
1165 3430 1216 3489 per
1243 3415 1438 3474 aedificationis
1465 3414 1595 3475 inmense
1627 3420 1809 3480 ministerium

165 3511 276 3578 minari,
287 3508 365 3581 juxta
379 3509 445 3583 illud
462 3507 536 3580 quod
556 3508 690 3581 scriptum
701 3516 743 3565 est
757 3525 765 3562 ι
781 3524 791 3561 ι
808 3504 917 3565 Veritas
929 3508 964 3566 ds
1013 3518 1139 3582 purgant.

167 3613 240 3662 terra
254 3612 315 3660 orta
327 3612 369 3661 est
380 3600 469 3676 (Psoi.
483 3599 630 3672 nantel.»
646 3600 682 3657 Et
693 3600 763 3656 bene
777 3612 844 3656 caro
856 3599 976 3657 beatiss
1261 3602 1341 3674 127
1359 3600 1474 3660 otrus
1492 3600 1559 3661 titt.

166 3695 245 3753 tima
256 3693 377 3767 Virginis
400 3701 475 3751 terra
497 3689 718 3764 repromissionis
741 3697 784 3747 est
805 3689 963 3762 diemque
1101 3694 1136 3751 Ιιι
1149 3708 1268 3752 sermone
1282 3693 1490 3750 demiratione
1508 3698 1717 3754 namucencis.

166 3787 247 3859 longe
262 3796 327 3844 ante
342 3785 466 3859 paritura
480 3782 651 3842 saluatorem
670 3780 765 3837 mundi
787 3796 803 3837 a
822 3781 963 3853 prophetis
1050 3805 1060 3842 ι
1079 3785 1488 3860 bperi‚1iomine.tbesaumm
1509 3795 1597 3855 tuum,
1611 3785 1715 3846 lontenr
1728 3800 1807 3862 sque

166 3878 344 3936 multifariam
365 3887 408 3935 est
427 3875 573 3949 promissa.
598 3874 680 3948 120
700 3868 767 3941 Qum
785 3887 850 3929 vere
869 3871 913 3930 lte
934 3882 963 3929 et
1012 3881 1092 3951 sira,
1108 3889 1139 3936 ιι
1155 3877 1258 3945 sudati,
1281 3886 1373 3935 cesset
1393 3877 1574 3935 murmuratio
1593 3893 1689 3936 eorum
1710 3880 1807 3951 ιΝιιιιι.
1900 3866 1905 3877 ’

165 3967 220 4025 mei
245 3966 378 4033 manarit,
402 3965 467 4021 dum
490 3962 576 4020 lieum
600 3970 629 4018 et
649 3960 786 4017 bominem
802 3959 961 4017 intemerata
1012 3969 1070 4043 xx).
1094 3991 1104 4024 ι
1139 3967 1232 4041 Neque
1252 3967 1326 4025 enim
1349 3977 1406 4024 tam
1429 3968 1580 4041 magnilicis
1604 3978 1688 4042 atque
1708 3971 1809 4031 divinis

165 4059 324 4132 uirginitate
336 4055 468 4128 proludit.
488 4053 567 4112 Unde
581 4062 609 4108 ιι
623 4068 673 4123 per
684 4052 783 4130 isaiam
797 4051 960 4124 prophetam
1012 4060 1106 4116 serbis
1117 4059 1284 4115 elementum
1297 4056 1474 4124 describeret,
1488 4073 1523 4115 es
1535 4060 1663 4116 cauernis
1677 4059 1807 4120 uidelicet

164 4151 290 4209 dicitura
311 4168 321 4202 ι
336 4148 408 4205 Ecce
429 4146 508 4219 uirgo
529 4145 557 4200 in
575 4154 654 4200 utero
673 4142 811 4215 concipiet
828 4152 857 4200 et
873 4142 963 4216 pariet
1012 4159 1093 4205 terrae
1107 4146 1241 4220 proditum
1255 4162 1290 4203 ac
1304 4146 1433 4216 deinceps
1449 4146 1648 4206 inaccessorum
1665 4150 1806 4211 cuniculos

165 4240 266 4310 fllium,
286 4248 315 4297 et
328 4237 471 4296 vocabitur
485 4250 585 4294 nomen
606 4235 666 4308 ejus
681 4234 856 4304 Emmanue13
879 4233 960 4308 buty-
1011 4240 1188 4314 egerendum.
1210 4236 1339 4309 Nunquid
1357 4237 1431 4294 enim
1446 4238 1557 4311 dignum
1574 4239 1627 4297 init
1639 4242 1706 4300 siles
1719 4258 1805 4315 aquas

165 4346 227 4406 rum
243 4340 272 4390 ot
290 4330 344 4387 mel
360 4328 496 4396 comedet,
514 4336 544 4383 ιι
561 4325 631 4384 sciat
646 4325 795 4401 repmbsre
808 4323 912 4383 malum
930 4336 960 4383 et
1012 4330 1148 4404 appellare
1172 4328 1220 4385 liei
1234 4327 1412 4385 tbesaoruml
1431 4327 1485 4385 Sed
1497 4330 1543 4385 liei
1557 4329 1715 4390 abesamum
1730 4333 1806 4392 ibam

162 4422 266 4498 epm,
277 4423 378 4481 bonum
392 4420 470 4496 (1⁸45,
484 4416 567 4491 ιιι,
971 4387 1106 4496 Ι)ριιιι1
1139 4420 1222 4478 dubio
1254 4420 1391 4485 nominat,
1416 4420 1525 4490 dequo
1548 4421 1695 4495 llpostolus
1715 4425 1804 4484 dicits

471 4507 588 4567 ceput
605 4508 650 4565 ii.
1013 4511 1107 4583 «Quia
1133 4511 1160 4567 ln
1183 4519 1295 4583 pectore
1314 4508 1381 4566 iesu
1403 4519 1467 4566 sunt
1491 4524 1588 4569 omnes
1606 4515 1729 4573 thesauri
1759 4532 1807 4575 ss·

223 4604 259 4664 1·
277 4606 390 4676 epistota
406 4601 442 4659 ud
455 4599 645 4658 ilenttisittdint
662 4598 901 4656 sanctimonialem.
1012 4601 1121 4673 pientiae
1142 4608 1172 4655 et
1184 4597 1307 4655 actenus
1317 4597 1470 4653 absconditi
1482 4597 1595 4670 (Galeas.
1607 4603 1650 4675 tt).
1666 4604 1806 4663 »Fontem

204 4701 341 4758 ebuliens
352 4698 444 4754 Aaron
457 4686 959 4762 thuribulumeucnrritpermediam
1010 4691 1093 4748 etiam
1115 4703 1193 4759 aque
1215 4687 1284 4744 rinc
1304 4687 1379 4743 iilum
1402 4688 1540 4758 perbibet,
1560 4689 1595 4746 de
1615 4708 1671 4764 quo
1688 4695 1805 4752 diciturz

167 4791 368 4851 multitudinem
391 4800 477 4858 quam
501 4782 626 4839 smtabat
641 4780 808 4844 incendium,
829 4788 869 4846 ct,
884 4788 961 4835 stans
1013 4780 1091 4849 «Qui
1113 4779 1213 4836 biberit
1233 4792 1334 4848 aquam
1351 4791 1434 4848 quam
1461 4792 1513 4850 ego
1531 4781 1603 4837 dabo
1614 4783 1651 4848 ci,
1667 4785 1714 4841 iet
1728 4787 1756 4844 iu
1770 4803 1804 4845 eo

165 4872 725 4948 internrortuosacsisentes,lbgmiama
740 4870 850 4933 obtulit,
866 4869 960 4942 sicque
1013 4871 1075 4927 ions
1089 4881 1167 4939 aquae
1180 4865 1304 4923 salientis
1322 4865 1350 4921 in
1367 4866 1450 4922 ritatn
1471 4877 1602 4927 ceterarum
1616 4871 1709 4944 (iona.
1725 4878 1774 4949 ιι).
1794 4897 1804 4931 ι

166 4975 316 5035 mm,
334 4970 415 5043 Μ.
432 4961 739 5038 mamrithtm.¹t1)·
757 4980 767 5016 ι
783 4960 868 5030 Quem
894 4974 960 5016 sane
1012 4961 1138 5035 Alioquin
1160 4972 1213 5030 qus
1234 4957 1348 5015 rationis
1367 4961 1563 5031 consequentia
1585 4962 1713 5022 diceret:
1736 4967 1803 5025 elit

165 5069 269 5132 Aaron,
292 5062 345 5121 nisi
368 5059 579 5130 ttetemptorem
610 5064 734 5111 nostrum
766 5050 959 5124 significabat!
1012 5050 1513 5122 satiaticessetmurmurstioeomm,
1532 5069 1615 5113 scum
1633 5060 1804 5128 postmodum

167 5159 227 5230 ipse
248 5169 367 5224 namque
391 5150 523 5222 quoniam
545 5147 580 5203 sd
603 5145 765 5204 currendam
787 5144 859 5200 riam
881 5141 958 5215 quasi
1014 5145 1084 5201 ldcm
1102 5141 1535 5232 populusmurmursnsdicatat
1552 5144 1739 5206 euredusisti
1753 5166 1812 5227 aare

165 5249 242 5322 gigas
254 5243 402 5302 exsultarit
419 5238 610 5314 (Probatur),
627 5244 738 5307 arrepto
754 5233 889 5305 passionis
902 5248 959 5289 suar
1014 5236 1048 5292 de
1058 5233 1187 5307 AEgypto,
1201 5241 1233 5290 m
1249 5247 1417 5291 moreremur
1436 5235 1466 5293 in
1481 5235 1646 5296 sodtrtdinel
1661 5240 1743 5300 lieest
1754 5256 1802 5315 gm-

167 5328 833 5406 ,nmmummrermornmsetrtruuemceurrtt,
845 5335 874 5383 et
886 5323 961 5396 elle·
1012 5327 1064 5388 nis,
1086 5339 1140 5381 non
1163 5333 1228 5380 sum
1250 5338 1329 5394 aqua
1348 5323 1448 5394 (deod.
1461 5325 1534 5396 stt);
1554 5345 1565 5381 ι
1589 5335 1619 5385 ιι
1641 5328 1694 5386 alra
1708 5330 1804 5398 multa,

165 5440 213 5489 gg„
235 5429 325 5487 em
348 5442 416 5494 m,
441 5427 467 5484 ιιι
490 5440 545 5498 qua
570 5422 720 5496 tbymiama
742 5418 814 5475 sacri
836 5415 960 5489 corporis
1011 5433 1072 5490 quac
1086 5415 1241 5488 prodigiosa
1255 5415 1393 5471 dementia
1414 5415 1593 5475 tumultuatus
1603 5421 1734 5494 evomuit.
1749 5421 1804 5480 Scit

165 5528 369 5580 concrematum
383 5518 580 5590 semetignus
594 5510 771 5572 ilicetelestis
784 5516 959 5573 mammen,
1013 5509 1127 5565 alicctns
1145 5508 1224 5563 tedio
1236 5504 1343 5578 ilopses
1362 5518 1418 5562 tarn
1432 5505 1508 5562 dure
1526 5522 1561 5564 ιι
1574 5510 1711 5570 seditiosa
1733 5514 1804 5571 mai·

166 5612 244 5670 nime
262 5627 294 5669 sc
309 5617 432 5668 mortuos
454 5605 601 5689 separarit,
621 5603 743 5677 ignisque
754 5600 903 5674 perniciem
926 5602 961 5659 alt
1015 5597 1151 5670 titudinis,
1175 5596 1320 5657 adrentum
1333 5595 1414 5652 anxie
1428 5593 1533 5670 dagitat
1546 5597 1715 5659 salvatoris:
1732 5603 1804 5662 sicut
