4017 6192
115 375 165 437 ⁸5
538 370 661 429 orbec.
680 372 737 431 bii.
753 400 791 419 ω-
804 369 989 429 exurente
1008 366 1102 429 bttttl
1120 366 1305 429 GENESEOS
1689 370 1744 429 ιιι

116 494 222 552 linreus
234 505 300 563 erpo
311 489 441 547 cornibus
453 490 535 557 rdet,
548 490 675 548 clrrlstns
693 499 735 548 est
748 490 901 548 erneidsus
916 489 939 553 Α
952 496 1011 546 tens
1022 486 1337 560 proxtmteononptsent.
1357 486 1461 556 Quibus
1478 485 1532 544 rite
1545 482 1671 552 serratis,
1688 503 1744 545 non

114 588 183 647 inter
195 583 335 642 aculeatas
357 591 385 639 et
407 582 714 641 ruioidoasiudeorunt
729 582 901 655 iniquitutet.
951 592 1025 644 mox,
1043 579 1224 651 utepernbst,
1238 576 1520 648 adeuntemplntionis
1545 577 1743 634 obiectamenta

114 678 187 738 Sicut
197 678 314 748 ipseper
325 673 471 732 ieremiam
484 675 673 746 conqueritur,
683 676 777 732 dicens
792 690 800 730 ε
817 694 827 728 ι
843 675 903 746 Spi·
950 670 1120 744 perducitur,
1130 680 1161 727 ιιι
1174 671 1249 727 uelm
1264 679 1430 742 exspectatae
1449 670 1495 727 diu
1510 669 1611 726 ilaelrei
1625 668 1745 741 puleltri·

113 770 153 826 ιιι
176 776 350 840 peecatorum
379 780 492 822 suorum
511 766 690 823 circumdedit
716 778 760 822 me
785 758 902 837 populus
951 762 1234 833 moine-pertensem,
1259 763 1306 818 sed
1326 762 1373 818 bie
1395 762 1448 818 slbi
1468 770 1638 833 pernoctem
1655 762 1744 833 inopi·

113 859 191 915 bie.»
212 856 326 913 Pertcto
348 853 766 922 snodttcto,dicitnrdiraoae:
784 855 837 911 rin
858 868 902 912 se-
951 853 1278 927 natosupponimr,quia
1294 852 1746 924 interlnrmtnaeltujusipnnran·
1816 839 1820 847 ’

113 950 182 1005 nrise
193 957 239 1004 tro
252 948 445 1004 benedicentur
454 960 551 1003 omnes
561 954 665 1019 pernes.
682 967 694 1003 r
710 948 744 1004 bt
757 957 901 1020 postquam
951 949 997 1006 tie
1015 949 1143 1007 tenebras
1162 943 1309 1005 inieruntla
1330 944 1381 1005 sibi
1403 947 1505 1004 irrisoris
1524 938 1689 1019 iniungitum
1710 958 1744 1002 es

113 1041 239 1098 mnium
252 1040 345 1097 dixit:
368 1056 378 1091 ι
404 1039 544 1095 Foderunt
567 1050 665 1095 manus
687 1052 763 1096 mens
777 1050 806 1096 et
820 1041 902 1112 pedes
951 1056 1004 1114 qua
1028 1050 1117 1098 tamen
1137 1040 1193 1112 inm
1213 1050 1387 1096 numerosum
1403 1038 1523 1096 subolem
1539 1038 1665 1110 suscipit,
1680 1038 1745 1109 quia

112 1146 194 1198 meos,
207 1146 218 1184 s
233 1131 383 1203 paulopost
399 1128 534 1184 lneodem
548 1128 652 1200 pstltrto
665 1128 783 1200 subiecit
797 1148 828 1185 :r
848 1129 902 1186 lie
951 1135 1051 1191 uberes
1072 1131 1222 1205 spiritualis
1239 1131 1308 1188 lueri
1325 1144 1374 1204 per
1395 1131 1468 1187 irunc
1488 1128 1610 1187 laborent
1639 1128 1744 1186 iroctus
1804 1204 1807 1208 Α

112 1224 297 1293 miniscentnr,
316 1231 345 1277 et
359 1226 555 1277 convertentur
568 1220 602 1276 td
621 1221 765 1277 bominum
779 1222 900 1278 uniuersi
952 1223 1080 1295 acqrririt.
1097 1221 1172 1280 iinne
1194 1222 1287 1294 ltaque
1301 1221 1411 1288 tolerat,
1429 1231 1459 1278 ut
1471 1221 1506 1278 td
1530 1220 1603 1277 illam
1622 1221 1746 1291 quando·

113 1317 177 1371 lines
194 1325 293 1378 terre,
315 1321 342 1369 et
362 1312 514 1367 adorabunt
530 1311 557 1367 in
570 1320 716 1382 conspectu
733 1311 901 1381 eiusomoet
952 1308 1005 1387 pue
1025 1316 1166 1387 perueniat
1189 1322 1481 1388 quonrperscrerantor
1505 1323 1589 1370 amat.
1608 1312 1746 1371 Suadetur

111 1405 201 1474 patrie
222 1403 354 1475 gentium.
378 1400 512 1469 Quoniam
537 1401 644 1459 bomini
664 1409 708 1458 est
727 1414 859 1472 regnunt,
874 1410 903 1460 ti
951 1420 1017 1480 erpo
1032 1415 1061 1462 ut
1072 1422 1121 1479 per
1131 1406 1198 1463 elios
1206 1417 1313 1479 septem
1328 1418 1414 1463 annos
1426 1407 1529 1462 seruire
1541 1405 1665 1471 desudet,
1679 1404 1744 1477 quir

111 1494 362 1567 ipsedominabitur
373 1493 506 1560 rentium.
521 1508 531 1545 ι
545 1492 644 1551 oblito
657 1493 749 1564 itaque
760 1492 900 1549 Διηιιιιι
952 1499 1074 1573 prolecto
1091 1508 1203 1557 necesse
1214 1508 1256 1556 est
1269 1508 1300 1557 ιιι
1320 1498 1409 1557 adbuc
1423 1494 1475 1556 alia
1492 1507 1595 1570 septem
1610 1508 1745 1570 precepit

109 1583 181 1651 otio,
194 1594 223 1640 et
234 1600 284 1657 pro
296 1586 382 1640 ariete
397 1583 548 1648 immolato,
565 1582 712 1654 appellarit
729 1598 828 1640 nomen
847 1583 900 1641 loci
951 1587 1086 1655 observet,
1099 1589 1146 1645 sed
1155 1589 1211 1658 iaris
1225 1589 1364 1661 aliquanto
1373 1588 1495 1676 liberior,
1508 1602 1561 1644 uon
1576 1586 1673 1659 legalia
1684 1592 1745 1643 iau·
1864 1626 1873 1639 .

110 1674 191 1735 illies,
204 1690 214 1725 ι
232 1673 364 1729 bantinus
376 1673 477 1737 ridet„
492 1673 556 1743 quia
569 1672 700 1729 Dominus
715 1681 816 1739 noster,
829 1684 902 1745 post·
918 1746 923 1757 .
952 1694 1034 1750 quam
1047 1690 1154 1744 seruus,
1169 1676 1384 1751 sederangelica
1396 1688 1567 1749 sreutpener,
1578 1677 1705 1734 videlicet
1717 1687 1747 1734 ut

109 1779 189 1837 qrtsrn
206 1768 233 1822 ln
249 1780 297 1821 ern
311 1765 402 1821 erucis
421 1762 529 1821 oblitos
551 1765 647 1821 mortis
660 1774 761 1821 nostre
776 1765 899 1822 debitum
952 1770 989 1825 sit
999 1782 1103 1841 pauper
1112 1766 1220 1841 spiritu,
1233 1769 1271 1825 sit
1284 1769 1368 1836 mitis,
1382 1760 1483 1840 hupert,
1497 1768 1601 1825 esuriet
1614 1768 1745 1839 sitiatque

108 1858 209 1921 toltit,
227 1858 371 1913 ridendum
383 1870 414 1912 se
424 1856 552 1927 deitreeps
563 1855 681 1912 lideliunt
696 1871 807 1912 suorum
818 1856 899 1913 obtu·
916 1863 937 1923 Β
950 1859 1106 1931 iustitiam,
1121 1858 1158 1916 sil
1178 1860 1354 1935 misericors,
1371 1860 1502 1915 mondum
1517 1875 1566 1915 cor
1583 1859 1695 1923 babent,
1710 1859 1746 1914 sit

109 1949 179 2005 tibus
189 1948 315 2021 prebuit,
325 1948 408 2020 902
423 1956 454 2003 ut
467 1948 595 2003 nimirum
608 1949 740 2020 redempti
759 1964 854 2006 omnes
866 1951 900 2006 il·
950 1961 1089 2022 postremo
1103 1950 1242 2023 pacilleus.
1254 1950 1337 2024 908
1350 1950 1496 2007 Enimuero
1517 1951 1598 2007 veliet
1613 1952 1705 2018 bomo,
1720 1950 1744 2006 sl

108 2039 228 2112 leniam
241 2054 291 2111 per
307 2039 388 2096 iidem
402 2039 554 2104 lureuitrtt,
564 2039 612 2110 qui
624 2048 738 2096 eatenus
752 2041 813 2097 litlei
829 2056 898 2098 oeu-
950 2042 1011 2099 lieri
1020 2054 1133 2115 posset,
1151 2040 1240 2100 nullas
1256 2044 1381 2100 laborum
1402 2043 1544 2100 molestias
1564 2042 1670 2113 egendo
1685 2054 1746 2113 prr·

107 2130 149 2190 les
160 2132 371 2189 onnbaoeornt.
949 2132 1034 2199 lerre,
1049 2128 1096 2190 red
1107 2131 1232 2203 protinus
1242 2133 1269 2189 in
1281 2133 1367 2204 ipsius
1384 2130 1427 2190 sul
1448 2132 1567 2190 tirocinii
1583 2133 1746 2189 rudimentis

384 2220 499 2281 CAPUT
516 2220 614 2280 xxti.
949 2224 983 2279 ed
996 2223 1117 2294 pulchre
1129 2224 1368 2296 contemplationis
1385 2224 1498 2281 delicias
1515 2226 1674 2296 persertim
1699 2239 1746 2280 te·

246 2316 287 2372 ile
306 2314 355 2372 dio
367 2323 392 2371 et
411 2314 508 2370 ιιιιιιιιι
519 2315 644 2371 reddire
661 2314 754 2372 leoni.
810 2341 813 2345 ¹
949 2325 1102 2372 rumtameu
1122 2316 1176 2371 boc
1188 2331 1243 2371 nnn
1261 2317 1288 2371 in
1304 2326 1376 2371 terra
1391 2317 1564 2371 morientium
1585 2317 1637 2382 ιιι,
1655 2316 1703 2372 sed
1717 2316 1743 2370 ln

140 2409 226 2466 Porro
239 2425 292 2465 non
312 2418 355 2465 est
368 2409 516 2465 obscurum
535 2406 607 2478 quod
632 2406 725 2462 ιιιιιι
745 2404 899 2466 duesdlies
948 2415 1023 2463 terra
1033 2407 1194 2463 uiuentium.
1207 2408 1285 2475 Quod
1299 2408 1455 2481 sigtriilcare
1468 2408 1575 2465 videtur
1591 2410 1656 2464 iliud
1671 2410 1744 2479 qttod

106 2499 211 2563 imbuit,
227 2510 342 2570 quarum
354 2498 494 2568 jurniorem
509 2497 594 2554 iacob
606 2496 634 2553 ln
645 2496 800 2569 coniugium
812 2512 897 2568 copu-
947 2495 1076 2555 adiacob
1091 2498 1212 2555 dicitur:
1229 2518 1239 2552 ι
1259 2494 1318 2555 b'on
1336 2509 1394 2565 est,
1415 2500 1505 2570 lnquit
1516 2498 1608 2555 baban
1621 2539 1629 2565 ,
1643 2500 1670 2554 in
1684 2500 1745 2554 ioco

106 2576 188 2660 la'rlt,
205 2593 240 2648 ad
257 2591 336 2662 euius
355 2601 445 2647 tamen
460 2589 601 2661 amplexus
616 2588 761 2659 pertenire
773 2604 828 2644 non
845 2604 896 2661 po«
948 2600 1044 2647 nostro
1056 2590 1277 2657 consuetudinis,
1292 2593 1459 2649 ut'miuores
1473 2598 1537 2648 ante
1554 2591 1697 2657 tradamus
1710 2593 1745 2647 ad

106 2680 169 2747 toli,
185 2682 272 2740 donec
289 2681 419 2752 unriurein
435 2682 546 2754 ignoras
561 2686 643 2751 atnoe
657 2680 719 2735 ideo
734 2679 836 2738 inritus
850 2698 897 2740 ac⁴
947 2680 1068 2751 nuptias.
1089 2696 1099 2735 r
1121 2681 1177 2737 iiee
1190 2681 1405 2751 absurdeotajor
1420 2682 1582 2754 rppelintur,
1596 2697 1657 2753 que
1671 2684 1746 2753 prior
1782 2740 1785 2745 ,

105 2775 188 2848 cepit.
212 2776 267 2832 Sed
290 2776 354 2847 qaia
380 2766 437 2832 rem
458 2774 607 2831 ιιιιιιιιιιιιι
627 2772 746 2844 loqtror,
761 2788 816 2829 non
830 2770 896 2831 mibi
946 2779 988 2828 est
999 2784 1132 2843 tempore.
1147 2768 1227 2828 Prius
1240 2782 1283 2828 est
1296 2773 1370 2829 enirn
1384 2773 1411 2829 in
1422 2773 1529 2830 bomini
1539 2774 1692 2832 eruditione
1703 2774 1745 2830 it·

105 2866 198 2925 multis
209 2868 402 2926 eitborandum
414 2876 459 2925 est
476 2869 578 2924 verbis.
593 2866 686 2925 boban
703 2868 803 2940 quippe
825 2864 897 2925 deni·
946 2871 997 2921 oor
1011 2865 1076 2921 botri
1087 2865 1179 2935 operis
1196 2878 1277 2936 quarn
1300 2867 1408 2938 requies
1425 2867 1674 2940 contemplationis.
1690 2864 1744 2923 ils·

103 2958 176 3014 ontio
193 2959 398 3031 interpretetur.
411 2958 479 3029 Quis
499 2967 590 3016 autern
603 2961 638 3017 ad
659 2961 742 3016 ileum
758 2960 897 3016 conuerti·
945 2953 1025 3026 pletis
1039 2956 1131 3028 itaque
1143 2954 1269 3024 duabus,
1283 2957 1370 3013 eitern
1382 2956 1510 3014 uidelicet
1526 2955 1594 3028 lepis
1611 2954 1743 3030 entique,

104 3061 160 3116 tur,
173 3051 224 3106 niti
237 3060 283 3117 ut,
298 3052 421 3123 deposita
431 3060 605 3123 peccatorum
619 3050 772 3125 nigredine,
787 3068 836 3124 por
849 3046 895 3109 'roa
945 3042 1031 3102 'altera
1043 3045 1208 3116 evangelieo
1228 3045 1324 3119 pretias
1339 3087 1347 3113 ,
1371 3060 1434 3104 mox
1455 3048 1490 3104 ati
1512 3049 1559 3103 diu
1581 3048 1743 3105 desiderate

103 3142 243 3200 ntormo
263 3145 377 3215 geren
398 3145 561 3202 treatment
579 3146 650 3204 stent
668 3147 726 3218 lpse
739 3142 893 3218 murreum,
945 3130 1047 3193 Rachel
1058 3138 1217 3208 pervenitur
1229 3137 1443 3209 amplexusqne
1455 3136 1577 3209 suissuis
1590 3141 1745 3211 persumere

103 3232 221 3289 dicent:
237 3251 248 3286 ι
264 3232 294 3290 st
308 3232 408 3291 turrim
426 3245 538 3306 peccata
562 3250 653 3294 vestm
677 3244 709 3295 ut
730 3240 871 3294 conemur„
885 3279 893 3305 ‚
907 3212 932 3281 C
946 3228 980 3283 ad
993 3228 1093 3284 diuinos
1109 3226 1345 3298 contemplationis
1363 3212 1563 3286 ubicolameuia
1587 3230 1744 3297 desideret,

102 3324 183 3394 qnasi
199 3325 244 3380 nix
263 3325 472 3383 dealbabuntur.
491 3347 502 3382 ι
522 3329 599 3397 Quod
620 3328 684 3386 ielis
701 3329 746 3387 ille
768 3337 897 3401 peccator
947 3322 1023 3395 prius
1038 3328 1149 3379 neeesse
1167 3330 1210 3378 est
1224 3331 1253 3378 ιιι
1265 3320 1409 3395 utriusque
1423 3314 1592 3378 Testamenti
1613 3303 1750 3395 perapere‘
1783 3362 1786 3367 .

102 3415 277 3486 postulabat,
298 3433 359 3474 rum
377 3419 480 3475 diceret
495 3438 504 3477 ι
521 3439 531 3473 ι
549 3420 708 3491 llnndabor,
724 3418 829 3478 lavabis
842 3436 896 3487 me,
947 3415 1075 3471 mandale
1097 3414 1254 3470 contendat.

101 3516 131 3564 ct
144 3521 227 3577 supter
237 3510 327 3566 uitem
344 3509 502 3567 dealbabor.
518 3528 528 3566 r
543 3511 592 3568 lte
604 3513 810 3585 interpretatur,
823 3511 896 3567 icio-
1224 3498 1339 3562 CAPUT
1356 3502 1466 3561 xxiii.

102 3618 188 3670 rust:
198 3602 310 3670 liacltel,
321 3605 425 3659 nubem
438 3603 496 3661 siue
507 3604 675 3677 principium.
690 3603 754 3672 sm,
768 3606 791 3663 sl
806 3600 898 3675 Scrip-
1178 3597 1218 3654 ile
1248 3596 1316 3652 boio
1347 3606 1372 3652 et
1399 3593 1511 3669 Zelpin.

103 3701 195 3750 turem
214 3695 357 3767 diligenter
374 3696 556 3767 attendimus,
581 3713 631 3756 nec
646 3710 699 3755 uno
720 3699 828 3770 atridem
854 3698 898 3754 die
983 3686 1037 3747 Sed
1051 3690 1116 3761 qnia
1128 3690 1231 3745 eiectus
1243 3689 1374 3761 quisque,
1388 3688 1567 3760 perfectionis
1584 3704 1641 3745 suae
1658 3684 1744 3743 limite

102 3787 225 3844 tertioue
242 3786 326 3845 iacob
339 3799 453 3861 propter
473 3789 529 3847 ιιι
550 3790 714 3849 desiderium
736 3790 898 3865 reperimus,
948 3797 1003 3837 rron
1015 3786 1171 3847 contentus,
1184 3778 1254 3835 iliius
1269 3780 1352 3837 etiem
1369 3780 1426 3838 ileo
1437 3781 1548 3851 gignere
1570 3780 1685 3850 speciali
1704 3779 1744 3835 ie·

103 3876 153 3931 red
163 3891 213 3947 per
224 3886 295 3934 totas
306 3877 367 3934 titas
377 3893 510 3935 annorum
521 3881 704 3937 hebdomadas
716 3898 766 3951 pm
775 3883 833 3939 5012,
845 3880 900 3940 [ta.
947 3872 1090 3930 ιιιιιιιιιιιι
1103 3872 1250 3939 desideret,
1273 3882 1417 3944 postquam
1438 3871 1581 3945 conjugale
1595 3868 1685 3929 iterius
1697 3866 1744 3927 ia·

104 3965 167 4023 the!
179 3969 305 4024 seruituti
322 3969 465 4037 subiacuit.
489 3971 602 4043 insuper
622 3983 649 4029 et
668 3974 755 4044 ipsam
775 3973 851 4029 biam
863 3973 900 4029 ιι
948 3962 1001 4019 eob
1020 3972 1082 4018 eum
1095 3962 1202 4018 duabus
1215 3961 1357 4018 sororibus
1380 3961 1473 4027 inivit,
1490 3963 1524 4016 ad
1533 3961 1742 4033 propagandum

103 4057 319 4115 turturinum
336 4053 631 4131 rotemmmnnm'm
647 4063 681 4119 ar
696 4063 781 4119 mun
796 4063 899 4120 uuerco
949 4051 1084 4107 umnam
1100 4062 1211 4124 serum
1229 4051 1331 4107 sobolis
1351 4050 1464 4108 anctum
1485 4066 1594 4126 tumus
1614 4053 1741 4128 augeae-

101 4148 294 4215 eonrcrtltnr,
315 4160 346 4206 nt
359 4146 466 4209 iabores
486 4161 514 4208 ιι
526 4166 704 4229 remptricem·
719 4153 899 4211 tentamur„
950 4138 1028 4199 modi
1043 4156 1123 4198 usum
1146 4143 1284 4213 suscipere
1302 4150 1356 4197 oon
1380 4140 1499 4214 relegit,
1524 4148 1606 4214 atquo
1620 4183 1628 4209 ,
1642 4151 1672 4197 ut
1684 4157 1743 4197 om·

100 4238 257 4294 certentina
282 4240 427 4311 perlaturi
441 4238 535 4299 Omnis
558 4243 631 4298 enirn
654 4243 738 4299 Deum
752 4244 900 4314 quaerentis
949 4234 995 4289 nia
1012 4231 1202 4305 spiritualibus
1223 4231 1410 4304 intelligantur
1424 4232 1576 4288 redundare
1590 4232 1743 4303 mysteriis,

101 4330 225 4387 intentio
242 4318 409 4404 ιοιιριηι,
424 4335 459 4390 ιι
480 4336 662 4408 pompam,
686 4344 715 4391 m
730 4338 762 4392 sd
777 4338 898 4408 requiem
950 4320 1007 4395 ipsa
1021 4339 1130 4396 qrrotpte
1152 4323 1313 4380 ancillarum
1331 4323 1440 4381 nomina
1460 4325 1511 4380 sub
1535 4325 1658 4398 ruystiois
1680 4334 1745 4382 sunt

98 4424 270 4495 (tendoque
283 4425 434 4494 permutat,
447 4434 475 4481 et
490 4428 517 4483 in
530 4432 644 4484 somnne
661 4430 899 4502 contemplationis
948 4416 1127 4490 prenuntiata
1134 4415 1238 4489 liguris.
1247 4412 1384 4470 iiamilalu
1391 4415 1744 4487 interpreteturinorterotm

97 4512 225 4585 padio,
246 4514 320 4570 reiut
345 4515 371 4570 in
388 4517 507 4586 pulchra
528 4517 628 4574 ιιιιιιιι
650 4521 838 4591 amplexibus,
853 4536 899 4577 η.
950 4520 1017 4565 saue
1038 4508 1101 4578 quit
1123 4505 1292 4562 irttelleeturn
1316 4504 1467 4576 spiritualis
1489 4506 1649 4561 subslantiae
1665 4507 1743 4563 nudis

97 4602 240 4676 qmesoet,
259 4605 387 4661 uidelicet
397 4616 427 4661 ut
442 4620 490 4678 pet·
504 4608 617 4665 verbnm
628 4612 700 4681 quod
713 4612 788 4667 audit
801 4626 898 4667 ascen.
913 4568 938 4629 Β
951 4600 1169 4658 uerbisburnana
1187 4598 1276 4671 lingua
1290 4594 1384 4669 nequit
1397 4597 1566 4668 exprimere,
1582 4598 1745 4668 quandoque

97 4694 150 4749 dal
162 4695 199 4750 ed
214 4694 359 4752 videntium
372 4699 534 4769 principium
547 4701 620 4771 quod
633 4702 767 4773 qumsltlt,
782 4702 836 4758 εει
851 4718 898 4759 ιιι
951 4690 1075 4747 doctrina
1092 4689 1234 4760 sapientiae
1249 4705 1298 4761 per
1308 4691 1440 4760 quasdam
1459 4698 1604 4759 corporeas
1619 4689 1744 4744 similitu·

96 4798 184 4841 reste
203 4796 248 4841 est
269 4796 300 4841 ιιι
323 4785 395 4844 burte
416 4784 586 4845 tlitv'crtomm
614 4793 792 4848 certaminum
821 4793 899 4849 tabor
950 4780 1030 4837 dines
1045 4780 1199 4836 audientem
1215 4781 1312 4834 nititur
1326 4778 1483 4835 iniurmnre.
1501 4779 1538 4834 ile
1555 4779 1638 4834 reteri
1653 4789 1743 4836 autem

94 4885 233 4931 exerent
255 4886 400 4948 antequam
416 4879 451 4934 ad
473 4879 574 4950 qnietis
597 4876 699 4937 ιῃιῃιι
714 4884 899 4952 suavitatem,
951 4873 1006 4928 rita
1020 4876 1048 4928 ιι
1059 4870 1215 4928 carnalibus
1229 4870 1354 4927 sensibus
1364 4870 1454 4927 dedita
1469 4878 1607 4942 corporeae
1624 4872 1745 4944 cogitan-

95 4982 189 5039 qmm
201 4971 380 5040 concupiscit,
395 4972 521 5043 attingat,
533 4972 614 5028 prius
626 4975 758 5030 servitute
772 4974 899 5046 ιρριῑῃι.
951 4968 995 5021 tur
1010 4966 1160 5037 imagines,
1180 4980 1295 5034 utrarum
1313 4962 1438 5020 uidelicet
1453 4964 1486 5019 ad
1506 4965 1656 5021 ducendum
1679 4978 1745 5021 usus

95 5064 172 5127 tur,
187 5069 219 5115 ut
228 5059 291 5132 jore
304 5062 474 5131 postmodum
489 5064 523 5117 ιι
545 5064 674 5134 perlectae
688 5063 824 5119 libertatis
836 5065 900 5119 tttu·
950 5056 1109 5122 assumitur,
1132 5070 1195 5113 com
1206 5054 1308 5127 aliquid
1323 5070 1358 5112 et
1376 5054 1646 5127 incomprebensibili
1661 5066 1690 5112 et
1702 5052 1746 5111 in·

94 5146 146 5208 bt
157 5151 337 5220 protelatur.
350 5149 460 5222 Septem
476 5162 542 5208 tero
557 5152 636 5207 nnnis
651 5153 703 5208 snb
719 5152 900 5208 dealbationis
950 5149 1135 5209 commutabili
1145 5152 1265 5207 essentia
1277 5150 1428 5207 diuinitatis
1449 5150 1568 5207 auditur.
1581 5148 1682 5205 iiscbel
1694 5148 1745 5205 its·

94 5236 195 5311 mila
214 5239 317 5305 serrit,
341 5254 404 5294 ιιιιιι
423 5249 529 5311 septem
553 5256 586 5296 ea
599 5254 660 5311 qttae
673 5241 708 5296 ad
727 5241 843 5313 proximi
859 5240 901 5296 di·
951 5258 1005 5313 qne
1017 5242 1112 5298 maluit
1126 5251 1264 5312 uteunque
1276 5242 1346 5299 illios
1359 5256 1392 5298 ex
1405 5240 1502 5297 ancillo
1518 5238 1655 5311 suscipere
1663 5254 1745 5310 quatu

93 5327 250 5385 Ιιιιιιιιιιιι
262 5329 402 5399 pertinent
422 5330 547 5400 beesbm
568 5331 696 5386 arandela
716 5330 844 5394 custodit,
863 5329 902 5384 ri·
951 5332 1063 5388 crimino
1084 5332 1186 5389 sterilis
1199 5346 1370 5403 permanere,
1378 5331 1441 5402 quia
1455 5330 1579 5385 doctrina
1592 5328 1743 5399 sapientie,

93 5419 207 5478 delicet
230 5428 261 5475 ut
287 5421 377 5491 primo
409 5421 505 5476 timore
534 5421 699 5477 constrictus
727 5430 811 5489 utque
838 5418 900 5474 ideo
951 5422 1010 5478 siue
1024 5423 1111 5494 gratia
1131 5410 1387 5492 contemplationis,
1403 5435 1452 5492 per
1470 5418 1634 5476 exteriorem
1656 5416 1747 5472 scien·

92 5508 248 5565 seniensis
264 5508 330 5580 jugo
343 5509 488 5580 depressus
508 5510 605 5565 saitem
619 5526 635 5565 a
649 5517 764 5565 retustae
778 5508 846 5579 legis
859 5508 900 5562 iu·
952 5511 1029 5573 tiom,
1044 5511 1084 5565 rei
1100 5510 1244 5567 risibilium
1260 5525 1352 5566 rerum
1367 5508 1469 5565 lormas
1491 5507 1661 5564 auditoribus
1677 5506 1744 5562 inti·

90 5600 190 5672 cipiet
212 5600 362 5666 institutis,
384 5600 557 5657 ninimirum
579 5610 706 5672 parentes
720 5602 855 5664 ltonoret,
870 5607 902 5654 ut
954 5612 1010 5656 tutat
1020 5602 1152 5672 quidquid
1166 5602 1200 5658 de
1210 5600 1363 5658 visibilibus
1375 5600 1445 5656 intra
1460 5612 1560 5656 arcena
1572 5598 1700 5665 occultam
1718 5609 1746 5656 et

93 5706 158 5748 nou
181 5692 357 5760 tnoeebetor,
372 5707 426 5749 non
442 5693 560 5759 occidet,
575 5692 758 5758 confutetur,
773 5706 827 5746 non
850 5691 901 5745 itl-
953 5692 993 5748 sie
1010 5692 1208 5762 quodammodo
1220 5707 1269 5762 per
1281 5691 1407 5748 ancillam
1421 5690 1492 5747 lilios
1502 5690 1611 5762 accipit,
1622 5689 1685 5745 dum
1697 5704 1745 5762 per

89 5796 165 5838 sunt
180 5782 367 5841 ιιιιιωοιιιιιιιι
376 5782 511 5856 proierat,
525 5800 579 5841 uon
590 5798 702 5840 usoretn
716 5783 841 5847 alterius,
851 5794 902 5839 nee
954 5798 1027 5849 osta,
1044 5798 1103 5855 ιιι
1114 5784 1165 5840 sub
1178 5797 1209 5839 se
1220 5792 1273 5851 est,
1288 5783 1430 5839 seientiam
1442 5780 1598 5856 spirituales
1612 5779 1668 5839 lieu
1678 5781 1747 5838 illins
