4017 6192
158 260 210 316 toa
537 248 659 311 druse.
680 248 724 307 vt.
743 282 778 294 -
795 246 898 308 urben
917 243 975 316 qut
994 242 1133 303 utetrun
1154 234 1398 303 cnarrsstttus„
1732 240 1782 303 tte

155 368 300 436 diligenter
315 361 469 432 inspicitur,
489 374 541 416 nec
559 362 618 433 ipsa
640 359 760 416 Simonis
776 358 843 414 lides
867 360 945 412 inno·
958 357 981 416 Α
996 353 1089 417 ioum,
1104 352 1164 408 aliis
1187 354 1296 423 quidem
1323 355 1486 425 proueniunt
1510 357 1544 412 ad
1569 358 1782 414 clarrrnntioaeru.

155 471 221 509 rens
235 454 371 509 ina-enitor
385 444 421 507 :i
443 452 571 516 Pecunia,
587 451 685 520 inquit,
703 459 747 505 tna
765 458 853 506 tecum
867 449 903 503 sit
916 449 943 504 in
995 445 1024 499 ld
1050 453 1149 506 tannen.
1169 445 1242 512 quot!
1268 447 1358 510 datur,
1378 448 1490 502 omnino
1514 449 1613 503 bonnm
1636 462 1692 515 0⁸¹3
1722 452 1785 507 Ιίιιι

155 545 347 614 perditionem,
371 543 417 614 qni
440 543 542 597 donum
566 542 614 597 hei
636 542 799 597 existimasti
829 540 944 611 peccunia
996 549 1059 591 reus
1084 536 1121 589 sit
1135 536 1180 589 ille
1199 536 1245 605 qui
1272 537 1378 606 accipit
1409 537 1502 607 Neque
1526 539 1598 594 euim
1618 541 1705 597 bortrus
1725 559 1781 597 nae·

156 633 288 705 possideri
306 631 376 702 (det.
391 631 489 699 atrahe
514 629 582 685 llam
597 645 660 686 cum
684 629 761 694 diclt,
784 629 945 685 eristhnasti
996 627 1074 682 dicus
1098 641 1232 682 venenum
1253 627 1412 698 propinaret
1432 640 1544 700 aqroto.
1566 630 1693 700 llrrnqnid
1709 633 1784 687 eninr

156 725 257 778 donum
280 721 328 776 bet
354 721 468 792 pecunia
489 720 639 791 possideri,
664 721 805 776 euidenter
827 719 947 775 ostendit
996 716 1118 770 buccella
1144 715 1201 781 illa,
1221 730 1303 785 qnam
1325 715 1401 773 inde
1424 719 1554 774 Dominus
1569 723 1701 790 porrexit,
1716 723 1809 779 botru>

157 815 237 870 taient
253 822 319 869 tnnc
333 811 415 869 luisse
430 811 550 868 Simonis
571 812 650 867 hdcrn
661 851 669 877 ,
682 821 713 867 ut
724 812 747 867 si
764 813 882 882 pretium
899 812 947 867 da·
997 824 1050 863 non
1068 808 1136 863 leiti
1162 809 1215 863 Sed
1229 811 1301 879 qnod
1318 819 1379 865 erat
1401 826 1483 867 causa
1507 813 1613 881 salutis,
1635 815 1671 869 illi
1686 817 1786 871 lactum

156 916 209 966 ret,
234 919 287 959 nnn
308 903 447 958 immerito
463 901 498 956 ad
520 900 645 957 iacienda
663 901 794 957 miracula
816 901 945 973 Spiritum
997 909 1040 955 est
1055 898 1168 954 materia
1189 900 1370 963 damnationis
1384 919 1392 955 ι
1405 903 1467 971 quia
1482 903 1691 960 instrumentum
1712 908 1788 976 pacis

156 1002 280 1049 sanctum
303 991 456 1063 negotiatus
471 990 617 1061 acciperet.
998 1004 1053 1045 non
1064 997 1179 1059 pacatus
1196 988 1310 1060 acecpit.
1325 990 1421 1046 Cuncti
1433 993 1515 1047 etiarn
1529 993 1631 1063 liquido
1650 998 1785 1061 trrruhnus,

112 1073 118 1085 '
459 1081 576 1140 carot
599 1081 646 1139 il.
998 1080 1062 1150 qnia
1086 1081 1246 1151 mysterium
1263 1081 1453 1147 Eucharistie,
1476 1087 1548 1155 qnod
1565 1076 1600 1141 'de
1612 1101 1788 1145 sacrosancto

194 1174 270 1238 Quod
284 1173 428 1239 ordinatio,
444 1172 468 1228 ri
483 1174 518 1229 rit
537 1174 677 1240 catholica,
697 1173 731 1228 rit
744 1175 822 1229 etiarn
842 1182 911 1228 rntn.
998 1169 1079 1224 altari
1094 1172 1152 1225 sire
1169 1170 1246 1241 iusti,
1269 1172 1326 1227 sire
1341 1183 1501 1243 peccatores
1515 1178 1674 1248 accipimus,
1694 1183 1790 1252 utique

193 1262 313 1317 lloderni
335 1271 426 1319 autem
437 1263 568 1334 temporis
583 1262 743 1330 Simoniani,
756 1264 819 1334 quin
832 1264 950 1319 miracu·
998 1262 1100 1317 bonum
1113 1272 1165 1318 est.
1185 1261 1241 1318 llec
1265 1264 1352 1319 bonus
1374 1265 1480 1332 melius,
1505 1283 1555 1323 nec
1579 1270 1667 1326 maius
1689 1274 1790 1344 ancipit

154 1355 191 1409 lis
211 1368 242 1409 se
255 1354 406 1410 clarescere
419 1368 501 1426 posse
518 1369 571 1410 non
594 1362 720 1427 sperant,
745 1370 799 1411 non
814 1338 947 1426 Spiritum
998 1351 1086 1423 pejus.
1114 1353 1148 1408 Et
1173 1361 1264 1407 tamen
1289 1353 1356 1409 dicit
1377 1354 1520 1423 Apostolus
1541 1374 1549 1413 a
1569 1360 1637 1427 Quia
1663 1363 1790 1434 indignus

154 1456 291 1503 sanctum.
308 1460 362 1501 non
381 1443 439 1513 eius
454 1445 525 1500 dona
549 1444 726 1502 desiderant:
742 1446 789 1502 sed
809 1436 948 1500 obtinendi
1002 1443 1158 1515 «judiciuin
1177 1444 1227 1499 sibi
1245 1446 1402 1510 marrdncat,
1423 1457 1451 1502 et
1470 1447 1547 1513 bihit,
1565 1466 1617 1504 non
1641 1453 1791 1521 dijudicans

154 1536 327 1608 principatus
341 1535 488 1591 ambitione
503 1535 640 1601 succensi,
658 1535 693 1591 ad
707 1536 816 1592 culmen
832 1544 949 1591 tantum·
999 1547 1099 1603 eorpus
1115 1532 1221 1588 Domini
1237 1533 1263 1605 (l
1275 1534 1337 1588 Cor.
1348 1536 1400 1604 rr).
1419 1554 1429 1589 r
1448 1535 1477 1591 Si
1490 1548 1595 1609 ergoet
1609 1540 1675 1596 illud
1690 1558 1790 1614 corpus

154 1626 238 1682 medo
251 1625 391 1695 dignitatis
404 1626 543 1683 anhelant.
556 1624 650 1697 ltaque
668 1635 799 1696 quantum
821 1627 854 1681 ad
868 1626 949 1681 lldem
999 1623 1107 1679 Domini
1120 1630 1163 1679 est
1186 1625 1257 1695 quod
1283 1624 1409 1697 indignus
1423 1629 1530 1698 accipit,
1553 1631 1726 1701 perspicuant
1749 1644 1792 1691 est

154 1712 254 1787 itrteqri
268 1724 342 1780 sunt,
357 1723 460 1771 tantum
475 1728 540 1770 tero
555 1714 588 1770 ad
603 1725 718 1771 monete
740 1713 847 1770 fabrilia
859 1714 949 1770 Simo·
963 1725 985 1784 Β
999 1716 1062 1786 quia
1076 1731 1120 1772 res
1132 1716 1203 1771 bona
1222 1716 1293 1771 malo
1305 1719 1419 1773 vertitur
1430 1719 1457 1774 in
1474 1721 1632 1791 perniciem,
1646 1739 1706 1796 qnae
1719 1727 1790 1783 bono

153 1805 243 1861 nisce
253 1805 435 1862 damnationis
444 1806 549 1877 laqueis
564 1807 748 1862 innectuntur.
760 1805 846 1877 liujus
856 1813 946 1861 autem
1000 1809 1097 1879 utique
1119 1808 1227 1878 prouisa
1252 1817 1294 1865 est
1319 1810 1353 1865 ad
1381 1811 1496 1867 salutem
1520 1828 1528 1868 a
1551 1830 1601 1871 nec
1631 1824 1721 1872 tamen
1746 1833 1791 1873 res

155 1901 271 1956 heresis
286 1902 339 1955 drro
360 1899 488 1972 leguntur
501 1908 647 1965 auctores,
668 1899 740 1955 alter
761 1900 811 1956 sub
829 1900 948 1971 prophe·
1000 1899 1070 1955 mala
1085 1909 1127 1955 est
1139 1901 1262 1968 dicenda,
1277 1902 1341 1971 quia
1354 1912 1449 1971 nocet;
1473 1921 1524 1961 nec
1536 1906 1598 1961 ldeo
1618 1922 1679 1964 esse
1699 1923 1793 1965 sana·

155 1989 211 2045 tica
234 1988 261 2061 (1
267 1987 290 2041 ι’
309 1989 372 2061 deq.
395 1989 441 2061 u),
458 1990 528 2045 alter
550 1990 601 2045 sub
615 1989 763 2059 apostolica
789 1989 949 2060 pestilenter
999 1997 1121 2044 mentum
1145 1989 1237 2056 desiit,
1253 1991 1315 2061 qttia
1335 1994 1519 2049 exsecrandus
1535 1996 1641 2067 accepit
1657 2015 1664 2051 :
1683 1998 1730 2054 sed
1743 2012 1793 2069 po

154 2081 301 2137 emersisse
317 2080 441 2137 doctrina
464 2080 534 2152 (Act.
556 2080 617 2152 rau)
630 2098 638 2136 t
651 2079 726 2140 Giezi
739 2081 881 2146 nimirum,
901 2082 947 2153 qni
1000 2081 1054 2137 tius
1074 2082 1248 2137 asserendum
1263 2090 1305 2137 est
1318 2083 1381 2153 qtria
1403 2082 1512 2154 indigno
1538 2086 1633 2140 eadem
1659 2102 1703 2142 res
1718 2085 1791 2143 iacta

154 2171 288 2244 magister
299 2186 360 2228 esse
376 2172 551 2228 vendentium
568 2170 686 2228 :Simon
702 2187 821 2243 quoque,
837 2173 883 2244 qni
897 2187 947 2229 au·
998 2180 1041 2228 est
1053 2171 1162 2228 occasio
1173 2172 1281 2238 mortis,
1303 2188 1363 2242 qnae
1376 2174 1455 2229 bonis
1474 2185 1619 2246 procurata
1637 2177 1727 2232 estad
1747 2191 1793 2233 re·

154 2270 217 2317 ctor
227 2261 339 2317 ridetur
357 2274 420 2317 esse
440 2269 604 2332 emptorum.
621 2260 723 2318 liorem
736 2261 818 2332 iqrtur
832 2269 950 2318 sectato·
998 2261 1120 2318 medium
1135 2261 1241 2318 salutis.
1261 2262 1449 2319 lndnbitantcr
1461 2265 1544 2334 igitur
1566 2267 1730 2323 eredendum
1750 2278 1794 2326 est

155 2353 287 2409 ressicrrt
297 2366 352 2409 nnn
367 2360 431 2409 sunt
442 2351 470 2407 in
487 2365 582 2409 errore
601 2351 714 2414 diversi,
731 2352 769 2408 ita
787 2353 881 2408 necin
903 2353 949 2408 da·
998 2353 1072 2422 quod
1093 2351 1116 2408 si
1137 2353 1308 2409 consecmtio
1329 2354 1473 2424 caduslibet
1487 2357 1665 2414 ecelesiastici
1688 2359 1793 2415 ordinis

154 2442 297 2500 nuatione
315 2441 445 2499 discreti:
464 2442 564 2513 qulbus
579 2449 670 2497 tamen
694 2441 718 2498 sl
739 2441 874 2499 catholica
900 2441 949 2498 dat
998 2442 1070 2498 intra
1091 2443 1252 2500 catholicam
1274 2443 1322 2501 dat
1336 2445 1496 2512 Ecclesiam,
1511 2449 1537 2503 in
1549 2450 1653 2506 unitate
1665 2449 1792 2507 uidelicet

155 2532 304 2599 ordinatio,
327 2548 413 2590 sacre
433 2534 572 2606 dignitatis
599 2532 730 2600 odicium,
754 2533 788 2589 ad
802 2533 873 2605 quod
893 2549 948 2591 non
997 2532 1158 2589 orthodoxe
1177 2533 1250 2599 iidei,
1265 2541 1295 2589 at
1318 2535 1345 2589 in
1370 2545 1486 2605 utroque
1506 2538 1635 2593 nimimm
1659 2549 1734 2595 recta
1755 2541 1793 2596 sit

155 2633 295 2681 merentes
320 2624 464 2689 accedunt,
487 2623 608 2697 perfecte
632 2623 794 2695 suscipiunt.
821 2623 948 2693 Eiusdem
968 2686 975 2699 „
998 2622 1083 2690 lides;
1100 2623 1232 2695 quidquid
1244 2624 1316 2680 bono
1328 2639 1377 2694 per
1386 2626 1487 2681 imnum
1504 2628 1629 2694 traditur,
1643 2629 1694 2686 boe
1706 2632 1793 2687 etiam

155 2714 394 2785 namquorirtntis
405 2724 449 2771 est
461 2714 582 2787 Spiritus
594 2723 715 2780 muetos,
730 2727 793 2769 com
810 2710 872 2781 eius
886 2726 950 2784 gra·
999 2710 1071 2766 malo
1089 2725 1139 2782 per
1160 2711 1260 2767 malurn
1276 2712 1425 2769 efficaciter
1437 2715 1602 2770 exhibetur:
1619 2716 1684 2787 qeia
1704 2733 1793 2774 sacra·

156 2803 193 2859 tia
210 2803 347 2871 venditur,
370 2803 447 2875 mins
467 2811 512 2862 est
536 2812 645 2860 etcum
672 2802 758 2876 gratis
775 2803 876 2860 datur:
898 2815 950 2860 nec
999 2808 1121 2856 meritum
1134 2799 1187 2857 hoc
1202 2815 1256 2881 non
1274 2801 1512 2858 ministrantium!
1534 2802 1713 2863 ministraturi
1727 2821 1794 2876 pen·

154 2900 269 2963 propter
286 2892 473 2963 perversitatis
492 2892 619 2949 humane
643 2892 838 2949 commercium
856 2891 949 2952 dirhra
999 2889 1048 2945 det
1060 2904 1095 2945 ex
1110 2889 1225 2957 merito,
1240 2890 1288 2946 sed
1308 2906 1342 2947 ex
1367 2892 1463 2947 ordine
1481 2893 1673 2969 ecclesiastice
1688 2894 1794 2952 institu-

153 2982 276 3052 potentia
299 2983 416 3055 propriae
441 2984 585 3055 potestatis
616 2983 672 3056 92
698 2985 788 3057 perdit
811 2981 948 3043 effectum.
1001 2979 1085 3036 tionis
1107 2988 1136 3035 et
1151 2980 1321 3036 invocatione
1341 2982 1423 3038 divini
1450 2983 1577 3040 nominis.
1603 2984 1638 3041 Et
1661 2987 1792 3057 quoniam

154 3071 241 3130 rtem
257 3083 286 3130 et
299 3073 425 3132 Salvator
437 3083 529 3131 noster
541 3089 602 3130 rum
616 3075 744 3131 venditus
759 3083 844 3141 esset,
856 3083 885 3130 et
903 3071 987 3145 pec
1002 3069 1075 3125 sicut
1094 3085 1165 3126 nnus
1178 3081 1230 3137 ert,
1245 3072 1290 3141 uti
1303 3073 1440 3143 baptizat,
1460 3074 1497 3129 na
1511 3077 1605 3145 procot
1617 3077 1699 3134 dente
1712 3096 1793 3143 rmus,

155 3163 340 3219 stilentissimi
352 3165 446 3221 talenti
458 3179 564 3221 summa
578 3164 727 3235 proditoris
742 3165 799 3236 jam
817 3179 947 3220 crumena
1000 3159 1128 3230 idemque
1139 3160 1185 3231 qni
1200 3170 1358 3227 consecrata
1373 3163 1425 3218 hoc
1437 3174 1488 3227 est,
1502 3164 1576 3237 larga
1596 3166 1699 3224 Christi
1718 3167 1795 3224 heni-

158 3262 295 3327 tnrqeret,
318 3254 390 3311 inter
411 3254 485 3327 ipsas
507 3263 713 3326 persecutorum
735 3269 833 3312 manus
854 3256 950 3327 praeci·
1000 3244 1105 3324 qnit'ate
1125 3251 1254 3308 tribuitur
1272 3252 1345 3322 qnod
1358 3253 1392 3319 is,
1408 3254 1454 3325 qui
1470 3255 1581 3326 accipit,
1594 3273 1649 3313 non
1663 3269 1794 3316 merctur.

157 3360 218 3401 sam
237 3360 318 3403 servo
336 3345 442 3403 llalcbo
461 3346 611 3403 auriculam
632 3344 722 3403 reddit
743 3345 836 3418 (loon.
866 3360 948 3412 sverm
1003 3342 1083 3411 rent
1104 3342 1175 3399 enlnt
1198 3342 1265 3397 oriri
1286 3340 1353 3398 iacit
1367 3344 1452 3400 solem
1478 3360 1557 3401 suum
1580 3362 1662 3418 super
1677 3347 1732 3420 93
1746 3348 1795 3404 bo-

160 3436 228 3492 bur.
254 3452 344 3506 xru;
378 3436 475 3493 Batti.
500 3452 598 3505 xrtr;
626 3436 712 3493 ldnrr.
729 3436 825 3510 arm).
857 3437 950 3507 ltaque
1000 3449 1052 3491 nos
1075 3442 1104 3491 et
1128 3421 1226 3500 malos,
1252 3442 1280 3491 et
1303 3434 1375 3505 pluit·
1398 3451 1482 3507 saper
1505 3437 1595 3510 justos
1621 3449 1650 3496 et
1677 3439 1794 3510 injustos

157 3536 267 3596 quante
280 3541 363 3599 super
380 3541 428 3584 eos
448 3527 558 3584 uirtutis
579 3534 663 3593 esset,
683 3540 797 3600 quorum
822 3526 950 3583 manibus
971 3554 977 3561 ·
1001 3523 1111 3597 (liattlt.
1126 3524 1171 3598 a),
1188 3542 1198 3577 r
1214 3524 1281 3596 quid
1293 3525 1393 3582 mirum
1407 3526 1431 3582 si
1451 3527 1565 3583 imbrem
1579 3531 1675 3603 qratiae
1696 3548 1753 3588 sun
1766 3542 1794 3587 et

156 3615 326 3686 sutrjacebat,
344 3627 437 3688 aperte
455 3617 626 3675 monstrarit.
650 3615 729 3685 Quod
754 3625 845 3673 autem
872 3615 950 3689 flagi·
1001 3614 1030 3671 in
1044 3629 1188 3672 arenosum
1199 3615 1276 3672 littus
1289 3615 1429 3674 effundat?
1447 3618 1519 3687 Quid
1540 3637 1650 3688 norum,
1674 3624 1696 3679 si
1710 3626 1793 3681 etiam

157 3703 225 3758 tand
239 3703 339 3761 ilcrodi
354 3705 484 3762 miracula
506 3721 561 3762 non
581 3706 714 3769 exhibuit,
740 3705 950 3778 dispensationis
1001 3707 1076 3777 ipsos
1094 3722 1227 3764 caecorum
1250 3709 1344 3766 oculos
1366 3710 1520 3781 splendoris
1533 3714 1576 3769 sui
1592 3715 1676 3771 radiis
1691 3715 1795 3771 ieriati

157 3793 209 3851 luit
220 3796 299 3860 ratio,
318 3812 372 3853 non
390 3796 507 3855 delectio
531 3798 686 3869 potestatis.
717 3796 785 3854 Erat
813 3798 886 3854 enirn
914 3796 948 3860 is,
1003 3796 1038 3855 lit
1053 3806 1081 3854 et
1094 3798 1144 3868 ipsi
1167 3800 1265 3855 merito
1285 3808 1398 3855 eantare
1420 3802 1535 3873 possint,
1554 3804 1626 3873 quod
1639 3805 1731 3862 infelix
1748 3807 1794 3862 iile

157 3885 205 3956 qui
227 3885 350 3956 optabat,
369 3887 496 3962 indignus
508 3905 516 3953 ;
529 3904 592 3945 nant
613 3889 650 3956 ei,
671 3903 688 3946 a
709 3905 763 3960 quo
778 3891 949 3962 sperabatur,
1001 3890 1136 3947 Balaam:
1155 3910 1164 3943 r
1181 3891 1256 3946 llicit
1275 3891 1367 3957 homo,
1382 3891 1480 3963 inquit,
1502 3893 1579 3962 cuius
1597 3896 1738 3951 obturatus
1752 3909 1795 3954 est

157 3990 213 4030 noo
224 3978 319 4032 deerat
331 3979 474 4048 potestatis
483 3979 607 4037 effeetus.
617 3980 706 4037 Porro
718 3989 747 4038 et
761 3981 789 4037 in
800 3996 883 4038 cruce
893 3996 951 4038 sus·
1001 3981 1115 4038 oculus:
1136 3980 1204 4038 ditit
1221 3981 1328 4037 auditor
1341 3996 1496 4037 sermonum
1511 3985 1570 4050 bei,
1592 3987 1637 4054 qni
1657 3988 1731 4041 norit
1743 3988 1791 4041 do-

157 4078 261 4135 penem
281 4076 424 4139 postquam
442 4069 567 4141 spiritum
580 4071 709 4135 reddidit,
725 4070 789 4126 dum
809 4082 882 4126 terra
894 4087 951 4127 tno·
1002 4074 1121 4129 ctrinarn
1143 4070 1287 4137 ditissimi,
1302 4081 1331 4126 et
1348 4073 1481 4128 uisinncm
1499 4073 1697 4145 Omnipotentis
1711 4078 1794 4142 ridet,

157 4160 250 4219 retur,
264 4154 328 4209 dum
341 4155 382 4212 sol
398 4156 571 4226 obscuratur,
585 4160 637 4216 reli
664 4160 777 4231 insuper
793 4158 864 4216 lacta
881 4159 950 4214 diui·
1001 4162 1157 4234 quicadens
1172 4169 1280 4232 apertos
1291 4161 1373 4219 habet
1386 4164 1478 4221 ocrtlos
1491 4163 1585 4236 (Num.
1609 4166 1694 4238 xxiv).
1707 4187 1717 4219 r

157 4240 214 4307 sio,
227 4242 326 4301 scirem
348 4243 477 4317 lapidum,
494 4248 662 4306 resurreetio
678 4257 862 4313 mortuumm:
886 4263 952 4303 cun·
1301 4274 1414 4332 CAPUT
1434 4275 1488 4331 pn·

157 4346 203 4393 ω
218 4337 278 4395 ¹⁸²⁰
295 4337 397 4415 ΙῙΨῙῙΫῘΟ
416 4350 563 4410 mmm·
581 4346 653 4414 (ΨΜ
675 4358 729 4399 '¹⁰¹¹
745 4342 883 4400 ῙῃῘθΓῙθΓῙῧ
901 4356 951 4413 1³⁰·
1004 4363 1082 4432 Quod
1097 4364 1209 4421 Balaam
1222 4342 1400 4422 ‘simoniacus
1422 4366 1485 4436 suit,
1505 4377 1529 4421 et
1549 4377 1636 4423 tarsen
1654 4368 1796 4438 propicio:

159 4432 254 4487 tentia
276 4428 361 4488 tuerit
381 4432 454 4489 inter
483 4433 615 4505 supplicia
644 4434 761 4505 positos,
783 4449 865 4506 quam
879 4449 991 4517 nunc„
1136 4458 1139 4464 ,
1250 4436 1369 4507 spiritum
1387 4453 1439 4490 non
1453 4438 1551 4492 emisit.

157 4521 288 4579 ridelicet
317 4521 345 4578 in
373 4523 485 4580 dextera
512 4532 634 4595 paterne
657 4523 750 4596 gloriae
778 4524 949 4579 sublimatus.
1040 4519 1120 4587 Eece,
1136 4521 1206 4577 unde
1218 4521 1263 4576 hie
1276 4520 1398 4575 avaritiae
1411 4520 1482 4576 hlius
1494 4528 1569 4575 tanta
1583 4522 1672 4592 potuit
1684 4538 1791 4594 magan-

157 4612 262 4669 rodem
277 4613 368 4686 itaque
381 4615 555 4672 modoetiam
570 4617 604 4672 de
617 4614 718 4687 Spiritu
730 4623 824 4671 sancto
837 4615 950 4670 creden·
1003 4610 1040 4666 lin
1053 4606 1215 4676 cernere,et
1234 4612 1444 4682 redemptionem
1462 4613 1552 4668 mundi
1566 4613 1795 4685 longissimepost
1878 4611 1882 4617 ’

159 4703 226 4759 dora
238 4713 300 4760 est:
320 4705 383 4777 quis
405 4706 486 4763 unius
498 4707 609 4764 uirtutis
623 4715 675 4774 est,
696 4717 724 4764 et
737 4722 799 4763 curn
811 4705 950 4762 venalitati
1004 4701 1122 4756 luituram
1138 4710 1192 4757 tam
1209 4714 1345 4771 expresse,
1371 4711 1425 4756 tant
1438 4702 1525 4758 lucide
1540 4705 1677 4769 nuntiare,
1693 4707 1715 4760 si
1730 4707 1794 4775 Spi-

159 4796 514 4871 quodammodosubjacere
537 4800 668 4866 cernitur,
693 4807 722 4855 et
746 4814 807 4855 cum
833 4797 951 4870 gratuita
1004 4794 1073 4848 ritus
1096 4794 1183 4849 sancti
1201 4793 1371 4864 praesentiam
1396 4808 1449 4847 non
1470 4793 1599 4849 haberet?
1620 4795 1697 4850 Sicut
1721 4797 1793 4852 enirn

159 4901 259 4943 manus
273 4887 445 4959 impositione
465 4891 611 4960 praebntnr.
627 4889 705 4948 sieut
728 4891 813 4964 igitur
831 4889 951 4947 nedem·
1005 4884 1128 4953 egregius
1146 4883 1242 4937 doctor
1258 4883 1317 4937 ait:
1337 4882 1404 4949 Quis
1417 4883 1491 4940 nouit
1506 4898 1566 4953 quae
1585 4895 1648 4939 suut
1665 4883 1791 4947 bominis,

160 4984 225 5047 ptor
237 4987 332 5034 noster
344 4979 407 5034 dum
423 4979 596 5048 venderetur,
618 4981 681 5037 dum
703 4990 852 5052 pareretur,
873 4994 952 5036 asna
1006 4975 1057 5029 nisi
1066 4973 1311 5043 spiritushnminis,
1324 4973 1369 5045 qui
1383 4974 1409 5028 in
1419 4973 1477 5045 ipso
1487 4976 1547 5030 esti
1558 4975 1584 5047 (l
1595 4974 1656 5029 Cor.
1670 4976 1794 5044 rihhart

159 5083 215 5122 non
229 5068 319 5139 potnit
332 5068 474 5139 rnajestate
493 5071 608 5128 deucere
623 5070 951 5145 (Joen,1v111)‚inmtam
1005 5064 1628 5136 qnaellcisunt,nemonoritnisiSpiritrrsliei3
1643 5068 1791 5137 presertim

161 5156 283 5227 Spiritns
296 5168 408 5217 sanctus
420 5160 484 5217 licet
494 5162 646 5217 amaritudo
659 5161 814 5218 venalitatis
825 5160 950 5233 obrepat,
1005 5170 1067 5211 cum
1083 5156 1178 5210 eadem
1201 5153 1341 5224 Scriptura
1357 5155 1452 5211 dieat:
1472 5174 1481 5207 r
1497 5157 1565 5223 Qnia
1584 5157 1704 5211 inuenta
1718 5155 1745 5211 in
1764 5172 1795 5211 se

161 5245 332 5316 dispendium
345 5256 434 5304 tamen
446 5250 501 5320 pati
512 5250 742 5321 propriaerirtutis
751 5250 867 5321 ignorat.
875 5249 954 5305 Licet
1004 5246 1107 5316 Spiritu
1127 5245 1185 5313 Dei,
1208 5255 1344 5317 assumpta
1365 5246 1491 5317 parabola
1514 5248 1552 5302 ait
1564 5246 1660 5317 (Num.
1674 5248 1762 5317 ratu),
1781 5268 1791 5300 r

161 5337 235 5391 enim
259 5337 388 5394 sacerdos
413 5339 527 5409 quilibet
546 5340 670 5396 uideatur
691 5339 800 5409 operari
821 5338 952 5403 exterius,
1004 5337 1131 5393 vilelicet
1141 5337 1213 5406 quod
1226 5337 1305 5393 modo
1317 5336 1650 5408 premisimus3dicimus,
1664 5336 1735 5406 quod
1744 5352 1794 5407 per

162 5422 211 5478 scd
228 5423 286 5493 ipse
298 5421 433 5492 Christus,
448 5426 493 5496 qui
515 5442 595 5483 verus
616 5426 759 5491 Sacerdos,
783 5437 811 5484 et
831 5440 953 5484 summus
1005 5426 1189 5482 simoniacum
1202 5425 1301 5481 donum
1316 5426 1434 5497 Spiritus
1445 5427 1531 5481 sancti
1546 5439 1600 5478 non
1612 5426 1702 5481 datur.
1721 5427 1797 5482 llrrrr-

161 5522 207 5568 est
230 5511 367 5582 Pontifex,
389 5517 578 5573 accedentibus
601 5518 634 5572 ad
649 5519 772 5575 diuersos
792 5519 882 5573 esitus
905 5530 953 5573 sua
1004 5517 1069 5589 qnid
1089 5532 1142 5574 non
1162 5506 1196 5572 in'
1217 5516 1328 5572 balaam
1348 5518 1401 5574 isto
1421 5516 1574 5572 Simoniaca
1601 5517 1715 5574 haeresis
1737 5516 1794 5586 jam

162 5602 400 5675 donadispensat.
424 5603 489 5671 Quae
505 5607 709 5663 nimintmaliis
740 5608 848 5679 quidem
864 5605 955 5664 adra·
1006 5619 1070 5667 tunc
1082 5612 1199 5683 uiguisse
1213 5605 1543 5681 cognosciturillunquid
1559 5623 1612 5664 non
1627 5611 1714 5666 sancti
1732 5610 1794 5679 Spi-

366 5697 506 5761 Paruou.
527 5703 649 5767 (lxeii.
1537 5697 1554 5755 ι
