4017 6192
214 253 244 307 ll
404 246 417 257 ⁸
567 250 613 306 AD
633 248 662 305 S.
683 248 785 304 PETlii
806 248 946 304 bedensi
965 249 1040 305 oet).
1063 250 1185 308 tuttt'tt
1205 252 1271 307 SEU
1292 254 1432 310 nttttstt
1452 256 1482 311 ΙΙΙ
1813 266 1846 319 η

211 365 334 437 litentur
345 364 455 438 urridens
471 380 527 420 reru
543 365 628 437 ipsam
645 363 838 420 contirnrarit:
855 379 918 418 naru
933 364 967 417 ab
979 378 1013 419 eo
1028 373 1160 437 tempore,
1175 381 1230 437 quo
1245 363 1275 421 S.
1288 366 1460 436 benedictus,
1479 372 1602 428 instituto
1615 372 1711 439 eiroro,
1724 376 1847 432 atrnnnns

210 472 275 514 suos
288 458 317 514 iu
331 456 413 514 Urbis
432 457 558 514 basilicas
578 455 763 527 ecclesiasque
783 455 851 512 alias
876 457 1027 514 introduxit
1047 476 1132 530 usquo
1153 462 1187 516 ad
1211 462 1384 520 millesimum
1407 466 1586 522 centesimum
1608 458 1846 540 quadragesimam

211 558 339 619 quartum
356 565 467 615 annum,
481 549 556 605 clero
577 550 636 622 ipso
656 558 721 604 tuuc
735 558 845 603 creante
866 558 894 603 ct
908 549 1026 621 eligente
1041 551 1193 624 pontitlces,
1208 554 1381 610 continenter
1394 570 1528 610 summum
1552 557 1737 626 pontificatum
1752 569 1846 625 gerere

210 651 420 701 connumerant.
435 642 511 711 erod
527 643 549 699 si
565 651 658 715 postea
674 641 746 697 serie
760 641 911 713 interrupta
928 643 1066 706 nonnulii.
1080 652 1109 698 ιιι
1121 643 1252 702 silvester
1266 643 1304 708 ll,
1318 644 1443 700 Clemens
1456 662 1565 717 quoqne
1582 646 1603 702 tt
1621 658 1648 701 et
1668 645 1726 707 alii.
1739 661 1793 700 nou
1812 661 1845 701 es

209 731 286 789 etun
301 730 425 789 Romano
439 734 473 789 ad
487 748 641 807 supremam
659 733 731 789 illam
745 732 907 806 dignitatem
923 734 1055 807 assumpti
1071 736 1189 802 luerint,
1205 746 1317 792 nonest
1333 746 1424 793 taruen
1438 738 1551 795 dubium
1568 736 1633 811 quin
1656 738 1706 808 ipsi
1727 738 1846 805 eundem

209 826 377 882 benedictini
390 828 494 884 ordinis
506 828 674 900 professores
689 827 851 883 exstiterint.
862 826 998 884 Praeterea
1014 829 1180 900 posteriores
1189 830 1337 893 sexdecim.
1352 830 1397 900 uui
1413 838 1522 886 centnm
1540 844 1625 884 anuos
1636 827 1683 885 liei
1698 827 1846 884 Ecclesiam

208 916 407 988 gubernarunt,
419 927 529 975 centum
543 918 603 973 lere
617 917 771 987 quindecim
785 917 922 988 prioribus
937 920 1138 989 superadditos,
1154 921 1204 976 bos
1219 930 1248 975 ct
1258 920 1318 975 iilos
1329 936 1424 976 ornnes
1435 921 1475 977 rel
1490 922 1516 975 in
1532 930 1688 976 sauctorum
1703 934 1846 975 oumerurn

207 1003 309 1061 relatos
327 1021 507 1072 veneramur,
530 1007 573 1061 vel
593 1007 716 1061 omnium
728 1006 867 1061 ‘virtutum
890 1022 991 1078 genere
1012 1009 1164 1064 eminentes
1186 1009 1358 1079 suspicimus.
1372 1009 1442 1077 Quid
1465 1009 1580 1066 referam
1594 1018 1661 1082 quot
1674 1019 1847 1081 quantosque

151 1132 155 1139 «
208 1092 238 1149 8.
253 1093 286 1147 u.
302 1095 332 1150 E.
347 1096 498 1152 cardinales
512 1095 656 1152 babuerit?
669 1111 730 1152 curn
743 1096 808 1151 uuili
824 1098 960 1168 autpauei
975 1097 1077 1154 luerint
1091 1099 1136 1170 qui
1149 1115 1182 1155 ea
1198 1108 1358 1170 tempestate
1370 1116 1404 1157 es
1416 1101 1653 1157 benedictinorum
1667 1099 1794 1158 claustris
1811 1102 1845 1157 ad

207 1184 281 1242 illam
298 1187 570 1258 aurplitndiueuruou
584 1186 771 1243 secederint.
787 1187 877 1245 Taceo
897 1188 1124 1245 mnumerabilem
1141 1187 1220 1259 limus
1239 1199 1341 1246 sattclae
1360 1188 1520 1258 propaginis
1538 1203 1588 1259 per
1607 1196 1692 1243 totum
1709 1197 1842 1244 terrarum

200 1279 300 1334 erilem
317 1279 529 1335 multitudinem.
547 1277 606 1334 lieu
624 1290 747 1335 memoro
758 1280 1002 1349 quirinum-italia,
1015 1279 1123 1349 Augila,
1139 1278 1302 1345 Germanis,
1317 1279 1451 1351 Belgium,
1463 1277 1615 1344 Vasconis,
1630 1278 1772 1345 dobernia,
1789 1279 1845 1336 liu·

207 1367 294 1431 garta,
312 1367 424 1433 strenia,
435 1368 548 1435 -Gotbia,
561 1368 686 1434 Polouia,
702 1368 886 1424 benedictinis
898 1377 937 1425 tot
950 1385 983 1425 co
995 1371 1087 1426 missis
1097 1371 1227 1440 apostolis
1244 1389 1251 1426 ι
1269 1386 1301 1427 ac
1317 1371 1425 1426 tandern
1442 1370 1517 1426 ludia
1531 1369 1716 1427 Occidentalis
1729 1371 1842 1427 bartho·

207 1456 303 1514 lomreo
317 1459 404 1533 Rupit,
420 1454 631 1526 Tarraconensi,
645 1460 840 1518 llontislerrati
854 1462 988 1519 monacbo
1002 1461 1207 1533 (quiuqrrsgiota
1226 1478 1296 1535 pene
1312 1463 1393 1518 anuis
1405 1471 1551 1533 autequam
1568 1462 1598 1518 B.
1613 1462 1659 1518 Fr.
1677 1461 1811 1519 xaverius
1828 1478 1843 1516 a

201 1544 239 1602 B.
255 1547 360 1620 ignatio
374 1550 439 1605 illuc
453 1551 626 1622 mitteretur)
643 1551 731 1621 primo
749 1551 785 1606 ab
801 1550 956 1606 Alexandro
971 1549 1005 1606 lll
1023 1552 1058 1607 ad
1078 1566 1140 1606 eum
1156 1551 1281 1622 apostolo
1295 1552 1429 1622 delegato,
1443 1552 1570 1607 debeant.
1585 1551 1645 1608 Neu
1666 1551 1757 1608 reiero
1779 1564 1845 1623 quot

200 1648 257 1708 ‘per
270 1652 377 1693 omnem
390 1649 498 1694 aetatem
513 1655 664 1710 sexumque
679 1648 814 1711 martyres
837 1650 918 1711 atque
941 1642 1070 1712 uirgines,
1091 1650 1158 1716 quot
1175 1656 1225 1714 per
1243 1656 1352 1699 omnem
1376 1643 1490 1713 graduru
1514 1642 1696 1710 consessores,
1715 1654 1782 1716 quot
1796 1660 1845 1714 per

205 1744 302 1785 ornnes
318 1729 452 1787 Ecclesiae
472 1741 607 1803 pastor-cs,
628 1745 730 1802 perque
748 1746 843 1786 omues
863 1731 1018 1788 academias
1040 1732 1161 1803 insigues
1174 1731 1301 1788 doctores
1321 1733 1418 1803 adepta
1434 1731 1525 1788 luerit.
1543 1733 1572 1788 lu
1587 1733 1670 1789 Petro
1684 1743 1774 1789 tamen
1790 1734 1843 1789 tn·

205 1817 290 1874 miani
308 1819 365 1877 uae
379 1821 468 1877 omnin
492 1821 519 1877 ln
544 1837 609 1881 suos
631 1821 695 1881 olirn
711 1822 799 1879 divisa
820 1822 949 1895 singulari
971 1823 1019 1883 Ilei
1037 1824 1171 1880 beneflcio
1185 1823 1332 1893 conjuncta
1347 1830 1376 1881 et
1398 1824 1523 1896 copulata
1543 1812 1600 1895 jam
1614 1824 1704 1892 ridet;
1724 1833 1844 1894 etqurrrr

205 1907 234 1962 iu
248 1924 333 1966 carne
347 1910 480 1967 uirentem
496 1921 615 1967 tractare
630 1928 683 1968 nou
697 1923 798 1983 potest,
813 1915 937 1970 eumdem
955 1914 1106 1986 inscriptis
1125 1915 1274 1985 spirantem
1288 1916 1418 1972 admirari
1434 1932 1487 1972 nou
1504 1917 1614 1972 desinit.
1692 1966 1694 1968 ,

233 2001 309 2058 vum
322 2003 365 2059 bre
377 2003 432 2059 siut
449 2005 597 2074 potissime
611 2021 710 2073 cause,
724 2005 881 2062 beatissime
895 2007 987 2072 Pater.
1000 2023 1088 2079 gerare
1099 2008 1168 2064 tanti
1183 2007 1233 2063 riri
1249 2009 1402 2065 doctrinam
1417 2009 1471 2065 boc
1489 2008 1516 2064 io
1531 2008 1601 2063 libro
1612 2014 1768 2063 contentam
1788 2020 1841 2060 noa

200 2094 306 2152 minori
322 2110 404 2165 qrrarn
421 2095 488 2151 alios
503 2098 654 2166 patrocinio
670 2098 812 2169 pretioque
826 2098 974 2167 suscipias,
990 2099 1115 2155 ultimam
1130 2109 1221 2155 tamen
1237 2099 1375 2170 adjiciam,
1392 2114 1474 2170 quarn
1486 2098 1569 2154 etiam
1591 2098 1638 2153 tibi
1662 2106 1768 2168 gratam
1785 2096 1844 2151 iure

203 2201 259 2245 uon
282 2188 385 2246 dubito.
407 2188 551 2246 Etcuirnsi
567 2207 582 2245 a
600 2189 777 2247 benedictino
791 2191 881 2262 eapite
900 2191 934 2247 ad
944 2189 1070 2247 membra
1086 2191 1203 2248 tranuire
1216 2205 1249 2247 ac
1268 2191 1434 2249 dmcendere
1445 2189 1551 2256 lases,
1564 2204 1611 2244 me
1622 2188 1712 2259 ipsum
1722 2186 1843 2249 vrrorissi·

205 2291 280 2334 rnuru
296 2278 415 2346 invenio,
432 2296 486 2335 uon
498 2294 547 2351 per
560 2295 604 2336 me
617 2280 706 2353 ipsum
721 2280 819 2354 (sentio
831 2297 948 2353 namque
960 2297 1041 2353 quam
1057 2284 1108 2339 sin'r
1122 2282 1226 2340 inutilis
1236 2292 1265 2338 et
1276 2284 1414 2356 exiguus),
1429 2284 1475 2338 sed
1487 2297 1536 2354 per
1549 2280 1667 2350 madores
1679 2294 1766 2343 meos,
1776 2291 1844 2347 ιιι·

201 2369 288 2424 etiarn
302 2368 411 2441 aliquod
428 2386 526 2427 uorneu
540 2372 677 2442 abeasque
691 2387 740 2442 pro
752 2373 818 2430 sede
837 2372 989 2444 apostolica
1000 2374 1119 2445 gessisse
1131 2389 1184 2430 oon
1206 2374 1339 2445 negarim.
1360 2371 1507 2429 Gentilium
1529 2373 1603 2427 cuiun
1641 2370 1711 2426 vrnilri
1733 2369 1842 2439 indiguo
1882 2406 1885 2412 «

200 2457 397 2528 (misteriorum
412 2461 725 2531 domus-untiquissima,
739 2475 800 2532 uum
812 2461 910 2529 Roma,
927 2462 1079 2534 efficiere,
1092 2462 1170 2532 orius
1183 2463 1367 2535 principatum
1381 2463 1415 2518 ad
1429 2462 1592 2534 quingentos
1604 2461 1662 2517 lere
1673 2475 1761 2517 arrrrss
1772 2459 1845 2515 obti-

198 2548 274 2613 nuit,
289 2547 367 2605 Pisas
379 2549 545 2620 demigrans,
559 2566 613 2606 uon
626 2551 709 2607 oblita
729 2549 862 2620 majorum
875 2567 986 2609 suorum
998 2567 1063 2622 erga
1079 2552 1219 2609 Romanos
1232 2552 1379 2621 pontifices
1391 2554 1582 2616 olrservantiae,
1599 2550 1635 2605 ibi
1650 2565 1698 2605 eos
1711 2556 1804 2604 sancte
1815 2556 1845 2602 et

204 2638 338 2710 intrepide
350 2640 385 2695 ab
400 2630 595 2710 imperatorum
610 2640 681 2696 illius
695 2641 825 2710 temporis
840 2641 867 2695 ri
879 2648 907 2696 et
922 2640 1069 2696 multorum
1082 2638 1231 2695 insolentia
1243 2654 1298 2694 uou
1313 2638 1396 2693 seuam
1412 2635 1573 2702 ‹leieusarin
1586 2650 1734 2706 eorumque
1745 2643 1841 2690 sueto·

203 2730 311 2785 ritatem
326 2731 371 2784 din
387 2716 488 2785 sartum
505 2739 658 2801 tectamque
670 2730 854 2791 conmmanit.
867 2730 953 2801 Culus
967 2740 995 2787 et
1008 2729 1168 2786 meritorum
1183 2728 1342 2798 magnitudo
1354 2743 1387 2784 ex
1402 2742 1435 2783 eo
1448 2727 1584 2799 colligitur
1593 2727 1666 2796 quod
1677 2726 1712 2781 ab
1724 2738 1759 2781 eo
1770 2738 1843 2781 tero·

197 2834 270 2890 pore
286 2820 343 2877 lucc
366 2836 418 2876 uua
432 2818 636 2890 cadomum-tot
657 2821 795 2891 tantisque
810 2820 1059 2891 sedis-apostolice
1079 2826 1159 2875 sueta
1183 2818 1269 2873 titulis
1289 2828 1318 2875 et
1338 2818 1499 2883 bonoribus,
1521 2825 1635 2874 ceteras
1654 2815 1715 2873 lero
1735 2815 1843 2871 Pisone

204 2912 313 2985 reipub.
334 2910 453 2967 lautitias
464 2910 713 2968 -arrteeelluitzter
727 2911 812 2977 enirn,
828 2920 858 2966 ut
880 2910 933 2967 alia
956 2900 1181 2981 praetermittam,
1202 2907 1374 2963 cardinalitia
1396 2906 1527 2977 dignitate
1549 2904 1684 2976 perfulsit.
1700 2903 1788 2961 l'orro
1807 2918 1842 2959 ex

201 3005 298 3060 eadent
314 3001 398 3059 multo
410 3010 491 3058 autes
505 3001 620 3059 liemaro
638 3000 690 3057 sibi
706 3002 821 3072 patriam
831 3000 972 3057 incolente
989 2996 1133 3057 uoniuttor
1149 3013 1286 3055 ιιιιιιιιιιιιιι
1305 2996 1493 3069 positurarum
1505 2995 1665 3061 obtinmsso,
1680 3002 1708 3050 et
1728 2993 1844 3051 dirersis

199 3097 373 3169 temporibus
386 3097 546 3168 coutplures
558 3097 593 3153 ad
604 3096 812 3153 cardinalatum
827 3095 1095 3168 perreuisse,etque
1107 3093 1191 3150 οιίιιιι
1206 3104 1261 3149 tarn
1270 3093 1407 3150 uernans
1421 3093 1528 3162 reipub.
1542 3106 1624 3162 quatu
1642 3089 1797 3163 Campaniae
1810 3101 1843 3147 et

198 3187 365 3246 Patrimonii
385 3187 546 3261 preelectum
557 3188 677 3244 ‘donatos
694 3201 755 3243 esse
768 3192 886 3242 constat.
903 3185 938 3240 lu
953 3184 1054 3255 mribus
1064 3184 1165 3253 Caietae
1181 3184 1265 3240 duces
1280 3199 1313 3239 ac
1327 3182 1496 3247 liundorum,
1512 3181 1680 3253 comitesque
1693 3181 1843 3238 Ciccurorr·

202 3279 285 3347 slurn,
298 3288 381 3350 atqtre
396 3277 516 3348 Signis,-
524 3291 630 3332 necnon
643 3284 671 3333 et
685 3275 777 3332 Vicani
790 3275 937 3346 principes,
950 3275 1040 3347 ipsius
1049 3277 1142 3346 ‚gentis
1156 3275 1273 3341 soboles,
1287 3274 1466 3344 complurium
1485 3273 1626 3329 civitatum
1640 3282 1670 3329 et
1680 3274 1841 3344 oppidorum

193 3379 334 3449 perpetuo
344 3369 408 3439 jure
429 3367 610 3424 iruelrautnr:
627 3367 709 3439 idque
727 3366 899 3438 potissimum
910 3365 1060 3423 beouardo
1072 3367 1197 3433 ‚tretium
1212 3368 1272 3422 uiro
1291 3365 1465 3437 guarissimo,
1477 3380 1540 3421 cnm
1555 3364 1670 3423 uetustis
1680 3365 1841 3433 Annalibus.

203 3462 276 3534 qood
288 3476 338 3532 pro
353 3458 484 3515 Romanis
497 3457 671 3529 poutitlcibus
690 3457 906 3531 qnaurploriutos
921 3457 1029 3513 labores
1041 3457 1186 3523 subierint,
1200 3456 1402 3511 attestantibus.

240 3554 340 3611 Verum
357 3551 416 3623 iam
431 3551 469 3606 uii
484 3550 600 3623 amplias
614 3550 669 3606 tuis
681 3551 901 3608 antecessoribus
915 3549 1015 3607 collata
1029 3549 1160 3619 obsequia
1175 3562 1405 3613 commemorans,
1421 3547 1555 3619 propitius
1570 3555 1631 3603 tuns
1651 3546 1686 3605 ad
1701 3560 1745 3604 res
1762 3561 1843 3603 aceu-

202 3650 277 3710 dam,
291 3626 345 3716 quo
359 3650 432 3698 uram
446 3642 473 3697 iu
483 3657 526 3696 ure
538 3643 653 3712 gretiam
667 3656 805 3712 uunquam
820 3641 1004 3707 rniuuendam,
1019 3640 1076 3702 irno
1088 3641 1173 3712 magis
1184 3638 1334 3710 augendam
1344 3638 1404 3715 iore
1417 3638 1535 3694 muido.
1548 3638 1672 3698 Noreris.
1685 3637 1843 3719 beatissime

203 3741 297 3805 Pater,
308 3737 473 3795 Ursiuorum
483 3735 620 3792 <furnilium
633 3748 733 3806 genere
743 3744 774 3793 et
786 3735 866 3791 rebus
876 3736 966 3807 ‚gestis
976 3735 1255 3804 nobilissiuraru..pro
1269 3742 1368 3791 tuenda
1379 3731 1536 3804 poutiircum
1550 3734 1675 3791 libertate
1686 3748 1765 3791 suam
1778 3749 1842 3788 oraru

200 3846 272 3887 ruere
285 3831 376 3902 gentis
389 3844 440 3900 ope
449 3838 481 3885 et
495 3828 596 3884 uirtute
610 3836 768 3893 strenuum,
782 3837 812 3881 nt
833 3843 882 3897 pro
896 3835 989 3883 sancta
1004 3828 1069 3882 sede
1086 3842 1258 3882 corrrmauern
1273 3826 1391 3897 periculi
1405 3834 1434 3881 et
1446 3826 1547 3883 laboris
1568 3825 1682 3898 gloriam
1698 3838 1842 3894 comaru-
1924 3864 1930 3873 s

204 3933 277 3991 rent,
297 3924 376 3981 lideru
393 3930 422 3979 et
434 3917 709 3993 tuburconjuurisse
724 3936 731 3972 :
747 3927 829 3988 atque
842 3926 871 3972 nt
887 3919 957 3974 itanc
976 3917 1086 3987 pietatis
1103 3931 1136 3973 ac
1150 3916 1257 3971 virtutis
1270 3915 1443 3971 rorrcurdiaru
1464 3924 1569 3972 ustura>
1582 3911 1843 3969 uiribuseonlrrna·

188 4004 278 4081 'reue
292 4013 394 4070 mutuis
409 4010 575 4069 matrimonii
599 4009 714 4064 rrextbus
727 4021 914 4077 sepenumero
927 4005 1078 4075 colligasse.
1094 4005 1162 4061 lliuc
1176 4020 1241 4061 uero
1260 4004 1302 4060 be
1316 4004 1376 4059 dum
1389 4003 1488 4075 plautae
1508 4003 1559 4059 sibi
1578 4003 1694 4058 iurioem
1710 4000 1798 4056 insitae
1811 4010 1843 4056 et

98 4134 105 4143 ·
203 4111 346 4170 moneta.
360 4104 497 4175 Caietano}
511 4102 592 4157 simul
613 4110 640 4157 ct
656 4099 760 4155 llrsinae
780 4099 869 4170 gentis
882 4098 1062 4173 splendorem
1085 4112 1238 4168 nomenque
1253 4097 1335 4152 edere
1353 4095 1537 4164 inceperunt,
1554 4093 1625 4147 iuter
1637 4105 1698 4162 qum
1710 4091 1751 4162 <art
1768 4107 1842 4148 utrae

207 4195 240 4250 dc
254 4195 371 4267 posteris
384 4190 523 4261 Cedetauis
538 4188 653 4259 taceant)
666 4187 787 4244 loarrrum
809 4186 853 4241 iiie
866 4185 988 4250 exstitit,
1000 4181 1083 4239 Urbis
1097 4192 1206 4241 senator
1220 4183 1414 4257 amplissimus,
1435 4181 1487 4237 etsi
1509 4190 1586 4252 patre
1600 4179 1697 4236 llrsiuo
1713 4189 1805 4246 ιιιιιιιιι,
1822 4195 1841 4235 a

208 4299 398 4349 matreteumn
412 4286 502 4345 Perna
515 4284 616 4354 (talene
629 4282 739 4340 duennr.
754 4291 782 4337 ct
794 4280 896 4339 Gelasii
920 4279 940 4334 ΙΙ
958 4276 1064 4349 gerolt
1082 4279 1231 4350 Caietauus
1250 4276 1381 4350 appellari
1403 4275 1497 4341 uoluit,
1516 4289 1597 4346 quem
1616 4274 1699 4331 etiam
1720 4275 1844 4344 seqnitur

206 4382 327 4438 loauues
344 4379 412 4435 alter
425 4355 582 4445 Caietanum
604 4373 694 4443 trragni
715 4370 835 4441 ilattluei
850 4369 942 4426 Ursini
959 4359 1145 4425 Romanorum
1159 4367 1306 4434 senatoris,
1319 4364 1455 4423 etl'eruae
1466 4364 1555 4435 gentis
1567 4362 1688 4434 eiusdem
1706 4362 1843 4430 Caietano

208 4477 292 4542 illias.
305 4478 352 4546 qui
367 4474 459 4530 dirum
466 4472 589 4541 quodum
603 4482 708 4522 rrrornru
718 4465 813 4521 indole
824 4462 951 4520 liicolaus
966 4462 998 4520 lli
1012 4461 1039 4518 iu
1054 4461 1213 4532 pontillcata
1226 4456 1349 4515 sublimis
1363 4457 1485 4513 emicuit.
1499 4454 1630 4526 beatique,
1646 4461 1676 4507 ut
1688 4452 1765 4524 plura
1782 4467 1843 4523 qrrao

206 4568 316 4638 generis
328 4567 408 4636 burun
421 4571 578 4634 suppetunt,
591 4559 716 4631 exempla
731 4568 905 4630 praeteream,
922 4554 1085 4627 Neapoleoui
1102 4553 1233 4626 Caietam
1246 4551 1367 4623 ejusdem
1383 4548 1473 4619 ruagni
1493 4546 1612 4602 liattbrci
1626 4545 1692 4621 tilio,
1708 4554 1843 4616 qrrotrptot
1929 4571 1944 4591 ·

209 4653 290 4716 lroiie
305 4666 450 4728 superurut
465 4671 498 4712 er
516 4653 621 4711 Ursinis
634 4652 781 4722 principes
795 4650 929 4722 originem
942 4663 1020 4705 stram
1036 4647 1138 4705 reterre
1152 4648 1262 4731 debent.

195 4798 198 4809 .
243 4748 444 4818 Qmmobrem,
462 4745 633 4803 sarrcdssiruc
653 4743 744 4804 Pater.
765 4757 827 4800 cum
845 4757 878 4801 er
893 4741 1072 4797 benedictina
1086 4739 1231 4809 religione,
1249 4747 1277 4794 et
1291 4737 1358 4792 meis
1372 4731 1521 4805 maioribus
1533 4740 1618 4789 totam
1630 4746 1674 4789 me
1685 4729 1843 4809 aposolus

208 4842 282 4901 sedis
293 4840 467 4913 agnormiru,
484 4835 611 4894 errudcut
626 4850 670 4891 rue
685 4833 732 4890 tibi
747 4834 830 4889 etiam
844 4831 975 4904 singulari
992 4829 1172 4887 beneficentia
1193 4835 1250 4882 tam
1271 4833 1348 4881 arcte
1368 4821 1530 4887 deduxisti.
1550 4828 1579 4889 ut
1599 4835 1650 4892 pro
1672 4819 1790 4876 troruiuis
1804 4818 1842 4874 tui

201 4928 293 5004 ‘porta
307 4942 336 4990 et
348 4930 481 5001 dignitate
496 4930 578 4984 ritam
592 4941 744 4997 exponere.
755 4924 950 4982 maedeiornm
961 4930 989 4979 et
1002 4919 1172 4979 baereditatis
1183 4919 1250 4976 ndbi
1263 4915 1326 4987 jure
1338 4915 1469 4987 obtigisse
1481 4913 1654 4973 crediderim.
1670 4912 1741 4969 licus
1752 4927 1844 4968 mortr-

200 5035 304 5104 potens
323 5034 350 5081 tc
368 5024 401 5079 ad
424 5021 550 5079 Ecclesia
567 5034 623 5076 suae
642 5020 840 5077 tlrruameutnm
858 5012 1011 5071 diutissime
1028 5010 1311 5078 remertncotumen.

817 5322 1210 5361 w
