4017 6192
177 356 231 414 785
603 346 724 405 OPUSC.
745 346 798 402 tu.
819 378 856 388 -
872 348 918 404 DE
934 346 1027 405 nond
1047 345 1216 404 nuttdtost
1235 344 1382 403 STATUS‘.
1751 351 1807 411 m

200 456 471 526 Strutbimeamcius,
484 472 569 527 rane,
581 459 772 525 cameleontes,
786 474 878 530 grues,
893 458 967 514 cieo-
979 460 1002 519 A
1016 455 1201 528 scorpionem
1217 456 1276 527 qui,
1286 456 1412 513 uidelicet
1438 448 1492 523 leo,
1504 465 1532 513 et
1544 472 1647 515 venero
1671 466 1806 532 serprerrrie

174 563 238 626 niae,
253 557 290 615 iel
302 555 410 628 aquilae,
425 553 537 625 sanquis
549 538 695 624 accipitris,
710 563 817 610 stercus
829 561 856 607 et
870 566 970 608 carnes
1017 556 1047 604 et
1057 546 1152 603 acideo
1162 548 1305 617 perimitur
1315 547 1479 619 scorpionis.
1490 549 1524 604 Et
1536 550 1598 619 qnis
1612 566 1677 607 non⁴
1692 553 1807 612 miretur

175 648 339 712 hirundinis,
354 646 453 716 quibus
470 645 573 717 morbis
595 643 710 699 atterant
732 643 905 707 medicinam,
924 641 968 696 iile
1018 639 1091 711 quod
1103 638 1155 705 leo,
1169 638 1216 710 qui
1228 648 1368 696 comantes
1392 641 1498 697 ceruice
1516 649 1607 698 tauros
1618 645 1734 711 excutit,
1760 646 1806 714 qni

174 750 265 815 potest
286 737 440 795 dicereeui
472 735 639 807 propositum
661 744 704 791 est
726 735 763 791 de
783 733 969 791 curationibus
1018 729 1124 786 sublato
1137 738 1246 800 pectore
1260 728 1469 786 terribilia·leris
1482 746 1533 787 ora
1546 731 1677 801 superbus
1697 734 1806 800 attollit,

174 843 321 903 corporum
344 825 656 897 disputare..Perlribent
676 822 780 894 physici
806 823 868 893 quin
892 820 969 892 pellis
1017 818 1155 891 perexigui
1165 819 1315 891 scorpionis
1326 818 1714 890 acolenmpertlmescitlQnis
1724 825 1807 878 etiarn

174 918 290 984 colubri,
305 930 388 986 qnam
407 911 527 984 deponit,
542 913 566 968 si
585 911 645 966 oleo
659 910 779 968 fervente
798 912 968 981 decoquitur,
1018 910 1199 967 admiratione
1213 910 1295 966 ducat
1307 910 1444 983 indignum
1460 912 1532 982 quod
1555 912 1675 983 elepbas,
1688 914 1734 984 qui
1749 923 1806 970 tur·

175 1011 247 1067 mire
259 1020 382 1080 peream
404 1003 599 1062 doloraurium
617 1002 766 1074 mitigatur.
791 1002 909 1059 dimices
921 1017 969 1057 ne-
1019 999 1070 1056 rita
1082 1006 1171 1055 castra
1195 999 1366 1055 totloricatis
1380 999 1713 1072 plenaruilitibusportat,
1729 1003 1808 1058 unius

175 1100 325 1158 scientibus
341 1097 443 1155 nullius
459 1095 586 1151 ridentur
601 1093 741 1160 utilitatis,
759 1094 807 1162 sed
821 1093 844 1149 si
858 1092 968 1164 sanqui-
1019 1090 1125 1148 arboris
1140 1089 1195 1146 ietu
1218 1092 1363 1162 depressus
1375 1089 1535 1147 occumbatl
1546 1091 1613 1147 Nam
1628 1093 1680 1162 qui
1697 1094 1808 1165 triginta

175 1207 242 1263 suga
257 1190 382 1246 lancibus
399 1187 521 1252 haeserit,
545 1184 619 1241 inmo
646 1184 718 1241 iliius
738 1192 861 1254 excepto,
877 1184 968 1240 statim
1019 1184 1087 1241 duos
1103 1173 1290 1251 armatos,rel
1306 1183 1407 1255 plures,
1420 1193 1449 1240 et
1462 1170 1523 1240 cunr
1538 1185 1658 1241 turribus
1671 1186 1705 1241 ad
1722 1185 1810 1245 instar

175 1281 325 1345 evomitum
337 1278 462 1347 insuper,
476 1285 504 1332 et
519 1273 660 1332 difficultas
672 1275 756 1331 urinae
769 1274 874 1331 cimicis
887 1289 969 1345 appu·
1019 1276 1127 1333 urbium
1140 1276 1255 1346 desuper
1278 1275 1458 1332 eminentibus
1484 1277 1642 1333 sustinendo
1657 1293 1710 1335 nou
1725 1279 1808 1345 cedit,

175 1371 274 1429 titione
288 1369 406 1424 laxatur.
420 1367 554 1423 Praeterea
568 1379 722 1435 porcorum,
742 1378 878 1427 anserum,
893 1363 969 1436 galli-
1018 1365 1052 1420 ad
1067 1379 1161 1422 casum
1175 1366 1256 1422 unius
1270 1364 1377 1421 arboris
1390 1365 1502 1421 corruit.
1521 1365 1571 1422 Cui
1582 1366 1707 1424 videlicet
1716 1369 1809 1425 arbori

175 1464 272 1515 narum
286 1459 506 1526 lasmuorumque
516 1455 705 1527 pinguedines,
719 1464 786 1529 quot
803 1455 831 1510 in
842 1471 872 1511 se
884 1455 971 1511 medi·
1018 1455 1344 1527 trequenterinnirusrel
1358 1465 1486 1512 conamus
1496 1457 1572 1530 ligat,
1583 1459 1625 1514 tel
1644 1442 1671 1515 in
1683 1474 1809 1530 soporem

174 1559 299 1608 mmerrta
322 1550 493 1613 contineant,
507 1548 603 1605 medici
625 1564 679 1604 non
698 1549 836 1619 ignorant.
854 1547 969 1604 Patonis
1019 1547 1220 1616 acquiescendo
1230 1546 1344 1602 relaxat.
1358 1545 1482 1603 Nonnulli
1493 1560 1601 1621 quoque
1610 1549 1661 1605 has
1672 1551 1810 1609 instruunt

175 1641 256 1698 lirum
276 1640 404 1712 podagre
426 1637 549 1695 noscitur
567 1638 694 1708 mitigare
715 1636 862 1694 terrorem.
883 1636 970 1709 AEger
1019 1624 1209 1710 propterebur
1221 1639 1333 1695 insidias
1353 1647 1382 1694 nt
1395 1641 1532 1705 arborem,
1547 1655 1626 1710 quarn
1638 1640 1747 1711 eleplras
1770 1644 1811 1698 in»

174 1734 219 1790 loo
231 1733 255 1790 si
269 1733 377 1790 simiam
398 1731 579 1796 derorarmit,
595 1745 656 1784 mox
678 1730 713 1785 de
731 1728 886 1785 valetudine
904 1744 969 1786 con·
1019 1731 1130 1788 nitendo
1141 1729 1305 1801 frequentat,
1321 1744 1354 1784 er
1369 1729 1453 1785 altera
1468 1740 1545 1800 parte
1555 1732 1681 1802 usquead
1693 1734 1810 1793 medinm

174 1823 299 1881 calescit.
318 1822 486 1892 Leopardus,
511 1821 535 1877 si
556 1821 673 1892 agrestis
685 1834 790 1890 capreas
812 1821 970 1891 sanguinem
985 1818 1008 1879 B
1022 1820 1079 1879 lere
1088 1821 1243 1887 concidant,
1263 1829 1292 1877 et
1304 1821 1344 1877 sie
1357 1821 1441 1876 arbor
1453 1822 1487 1877 ad
1502 1831 1555 1878 tam
1570 1824 1691 1880 enormis
1713 1825 1811 1881 molem

175 1916 296 1980 bauriat,
307 1914 367 1970 rim.
376 1911 516 1984 bagnone
528 1911 622 1966 evitat.
648 1909 733 1968 Ursus
751 1925 824 1981 aeger
841 1910 970 1966 tonnicas
1020 1912 1143 1984 corporis
1157 1919 1278 1968 corruat
1291 1910 1356 1976 Sed,
1370 1912 1435 1968 dum
1448 1913 1578 1982 quasdam
1593 1914 1749 1970 animalium
1760 1931 1810 1971 ua-

174 2013 263 2062 rorat
280 2004 383 2062 Cervus
396 2003 539 2075 languidus
559 2001 627 2058 oleas
645 2001 823 2066 ramusculos,
838 2008 871 2057 ut
891 2015 972 2059 sane-
1020 2016 1096 2061 taras
1110 2004 1145 2059 ad
1163 2003 1370 2060 aedificationem
1393 2012 1523 2071 vestram,
1547 2004 1647 2062 iratres
1672 1991 1737 2073 mei,
1752 2008 1813 2064 diii·

175 2106 234 2164 tnr,
247 2094 388 2167 efflagitat.
407 2092 462 2150 Cur
480 2101 570 2149 autem
589 2091 648 2147 baec
669 2089 759 2147 omnia
772 2099 868 2160 potens
879 2104 970 2145 rernm
1019 2096 1127 2167 gentius
1138 2095 1322 2153 enumerando
1341 2096 1540 2166 prosequimur,
1558 2110 1728 2169 nequaqnam
1743 2098 1812 2154 obli-

174 2186 305 2244 Gootlitor
315 2184 420 2241 naturis
431 2181 588 2240 animalium
598 2181 706 2247 indidit,
718 2181 771 2238 nisi
781 2180 844 2252 qnia
861 2180 968 2236 ditersa
1020 2185 1177 2243 risoeudnm
1188 2195 1231 2243 est
1240 2187 1303 2258 quia
1318 2202 1372 2242 non
1383 2186 1492 2255 librum,
1506 2180 1554 2243 sed
1566 2188 1710 2259 epistolam
1723 2189 1811 2246 adortl

174 2292 224 2347 per
245 2276 304 2333 haee
327 2274 429 2331 bomini
447 2273 510 2329 ritae
531 2272 612 2343 buius
635 2271 817 2329 emolumenta
835 2271 971 2342 providit?
1019 2289 1114 2331 sumus
1128 2292 1136 2329 a
1150 2275 1327 2345 quamobrem
1344 2276 1478 2332 currentis
1493 2275 1600 2341 articuli
1613 2277 1764 2335 cohibenda
1779 2278 1809 2351 li·

176 2367 213 2424 Ut
226 2366 290 2423 dum
303 2373 445 2431 ereamrae,
461 2379 522 2435 quse
542 2363 670 2436 subjectae
691 2371 754 2419 sunt
777 2362 891 2426 bomini,
907 2375 970 2418 sese
1019 2364 1124 2431 bertas,
1138 2363 1269 2420 frenanda
1286 2363 1411 2420 noluntas
1426 2373 1483 2432 est,
1497 2374 1632 2435 qnatenus
1642 2368 1682 2423 sic
1694 2368 1812 2423 redition-

175 2458 294 2514 inricem
306 2456 431 2521 fulciunt,
445 2453 477 2510 ad
491 2453 635 2509 utilitatem
656 2452 715 2524 elus
732 2452 778 2523 qni
790 2450 917 2522 praelatus
928 2458 972 2507 est
1021 2455 1088 2521 tioni
1102 2454 1221 2511 charitas
1235 2457 1346 2522 serviat,
1360 2464 1488 2513 attamen
1501 2458 1610 2512 modum
1621 2473 1700 2513 suum
1710 2459 1812 2528 episto,-

174 2548 301 2604 omnibus
313 2544 406 2602 omnia
424 2543 586 2600 referamur.
601 2541 635 2597 Et
649 2541 712 2597 dum
728 2540 755 2596 ln
770 2540 898 2610 operibus
913 2528 971 2595 Suis
1020 2544 1085 2600 laris
1096 2544 1248 2616 compendii
1260 2544 1395 2601 sobrietas
1406 2560 1458 2600 non
1478 2547 1602 2602 excedat.
1618 2546 1812 2607 ilonastcrimn

174 2639 324 2694 bonitatem
335 2637 451 2692 miratur
468 2633 585 2705 opilicis.
605 2633 664 2703 ipse
680 2648 734 2688 non
755 2632 858 2688 haereat
879 2629 971 2686 eondi-
1020 2635 1113 2705 itaque
1124 2644 1256 2700 restrum,
1270 2634 1452 2701 dilectissimi,
1470 2636 1579 2706 quidam
1602 2637 1744 2707 paradisus
1760 2648 1811 2700 est.

131 2778 135 2789 .
177 2731 224 2797 tis,
239 2729 436 2800 sedaspectunr
449 2726 585 2783 desideret
595 2723 761 2781 conditoris.
775 2721 877 2779 Omnes
890 2721 970 2793 plane
1021 2722 1253 2795 inquorldelicet
1269 2724 1440 2794 omnipotens
1458 2724 1601 2793 Conditor,
1615 2727 1814 2801 dumdivcrsqs

176 2830 289 2875 naturas
312 2806 481 2883 animalium,
503 2828 572 2887 quas
594 2829 676 2885 supra
696 2812 921 2885 perstrinximus,
946 2810 972 2866 sl
1020 2816 1159 2872 bominum
1170 2829 1260 2872 mores
1271 2813 1458 2887 posuit,quasi
1471 2817 1520 2871 tria
1531 2818 1687 2873 animalium
1702 2835 1800 2891 genera

176 2909 239 2980 qnia
267 2908 387 2964 elaboret
418 2906 532 2963 solerter
559 2904 712 2975 inspicere,
744 2903 849 2958 utiliter
871 2900 971 2973 poterit
1021 2912 1173 2970 terrenum,
1188 2904 1298 2987 natatile
1312 2919 1345 2961 ac
1359 2904 1468 2961 volatile
1493 2907 1607 2963 crearit.
1630 2907 1695 2965 liceo
1712 2917 1755 2965 est
1768 2909 1814 2965 illa

177 3006 206 3060 ln
235 3002 360 3058 hnmanae
383 2998 568 3057 conversionis
593 2996 718 3067 exempla
748 2991 913 3058 transferre,
941 3000 971 3047 ιιι
1019 3004 1099 3053 retus
1111 2995 1450 3068 mysticesigniticationis
1463 3013 1536 3059 area,
1551 2998 1578 3053 in
1591 3010 1814 3079 quacuuctorrnn

176 3092 297 3165 qualiter
309 3093 391 3149 borno
403 3092 487 3157 vivat,
504 3089 540 3145 ab
552 3088 612 3160 ipsa
623 3100 731 3158 quoque
745 3084 861 3141 rationis
875 3084 970 3153 ignara
1021 3084 1179 3142 animalium
1197 3086 1302 3157 species
1317 3086 1501 3143 includuntur.
1513 3087 1571 3145 lloc
1585 3098 1627 3144 est
1636 3089 1753 3161 denique
1767 3107 1823 3165 rna.

178 3199 309 3257 peemm
325 3191 422 3238 tratura
445 3180 593 3237 condiscat.
608 3177 689 3245 Nam,
708 3174 894 3246 utdpostolus
911 3173 950 3229 ait
961 3164 1007 3230 ιθ
1022 3174 1099 3241 illud,
1114 3175 1188 3246 quod
1213 3185 1331 3248 quatuor
1341 3177 1457 3233 manicis
1474 3178 1596 3245 submitti
1617 3180 1651 3235 de
1664 3179 1734 3234 coelo
1748 3180 1815 3236 vidit

179 3294 190 3330 ι
211 3274 270 3330 Νοιι
282 3282 325 3331 est
337 3273 392 3331 neo
404 3287 469 3329 cura
481 3271 613 3328 debebas
624 3268 651 3341 (l
673 3267 737 3324 Cor.
749 3269 806 3337 ιι);
821 3286 831 3319 ι
845 3267 893 3323 sed
905 3266 969 3322 dum
1020 3264 1117 3322 Petnrs
1137 3266 1164 3321 in
1189 3275 1303 3334 terram,
1320 3268 1347 3323 in
1364 3278 1507 3337 quoerant
1522 3269 1614 3324 omnia
1629 3270 1812 3342 quadrupeda

178 3367 207 3423 in
231 3366 320 3423 brutis
343 3362 507 3420 animalibus
531 3360 633 3432 aliquid
656 3359 761 3430 insigne
784 3357 970 3429 conspicitur,
1019 3366 1048 3413 et
1072 3357 1209 3429 serpentia
1226 3365 1306 3414 terrae
1331 3367 1359 3413 et
1373 3358 1492 3416 volatilia
1505 3358 1578 3417 oceli.
1594 3359 1648 3416 Sed
1670 3377 1733 3416 cum
1758 3362 1814 3417 illie

178 3455 261 3511 bomo
272 3455 408 3525 protinus,
424 3461 454 3509 ut
465 3450 595 3523 quidquid
606 3450 671 3507 illud
683 3458 726 3505 est
747 3448 832 3504 adsui
848 3449 970 3505 conside·
1020 3451 1142 3508 dicitur:
1162 3470 1173 3505 ι
1197 3450 1294 3525 Surge,
1309 3450 1399 3518 Petro,
1423 3462 1511 3508 macta
1534 3462 1563 3510 et
1583 3453 1717 3510 manduca
1742 3453 1812 3526 (det.

179 3544 315 3602 rationem
327 3551 493 3615 retorqueat,
503 3542 675 3598 admonetur.
1010 3544 1071 3617 ‚x);
1089 3564 1100 3598 r
1116 3543 1253 3601 oredimus
1267 3558 1317 3615 per
1336 3543 1557 3609 miscricordiam
1567 3544 1668 3602 Christi
1686 3547 1813 3619 quoniam
1846 3574 1850 3581 ·

462 3634 576 3692 catut
595 3632 690 3690 xxii.
1020 3636 1080 3693 buc
1105 3634 1246 3700 animalia,
1269 3648 1330 3704 quaa
1361 3649 1410 3692 ros
1432 3636 1511 3704 estis,
1533 3646 1563 3693 et
1584 3634 1624 3694 ab
1641 3638 1694 3695 lroc
1715 3637 1814 3695 aeonio

464 3730 504 3787 De
515 3730 578 3802 trrpo
587 3740 612 3787 et
626 3745 682 3786 ore.
1020 3733 1085 3783 sunt
1097 3725 1180 3782 divini
1192 3726 1267 3783 rcrbi
1279 3741 1409 3783 mucrone
1422 3728 1532 3785 concisa
1542 3738 1570 3786 et
1584 3729 1611 3784 in
1624 3729 1814 3800 Redemptor-'ts

213 3824 286 3893 onte
298 3823 422 3881 estenim
436 3823 508 3895 quod
522 3823 611 3893 lupus,
626 3822 649 3878 si
664 3830 710 3878 tuo
723 3820 805 3878 lnerit
817 3827 971 3893 praetentus
1015 3818 1062 3887 ,sui
1072 3833 1170 3890 corpus
1181 3817 1307 3890 periectae
1321 3819 1463 3877 charitatis
1479 3821 1578 3877 ardore
1588 3821 1713 3879 enudata.

179 3926 303 3988 aspectu,
323 3930 377 3974 nou
396 3914 468 3971 ralet
491 3912 623 3986 elluqerm
647 3912 670 3968 si
691 3920 719 3967 te
738 3911 784 3967 iile
797 3909 971 3982 praevenerit,
1298 3907 1411 3965 CAPUT
1431 3908 1537 3968 xxvii.

178 4019 272 4061 rocem
298 4004 347 4061 tibi
373 4003 503 4074 probatur
527 4001 658 4058 aulerrei
687 4000 771 4057 iit-ut
796 3998 883 4069 magis
909 4007 971 4055 stu·
1011 4051 1014 4057 ,
1162 3996 1202 4054 lle
1212 3997 1355 4071 vaniloquii
1367 4001 1510 4055 temeritate
1520 4000 1662 4072 frenanda.

177 4110 255 4166 psas.
279 4094 303 4150 si
326 4092 505 4159 obmutueris,
529 4100 603 4147 tunna
622 4090 706 4147 solvis
726 4090 868 4156 amictum,
891 4099 920 4146 et
940 4088 973 4144 il·
1008 4151 1013 4157 ,
1056 4089 1200 4147 Sedralde
1220 4091 1370 4147 carendum
1385 4100 1438 4159 est,
1451 4093 1515 4164 quia
1538 4093 1652 4149 necdum
1663 4092 1691 4149 in
1704 4093 1811 4153 littorea

178 4184 231 4240 lico
258 4197 404 4253 recuperas
422 4182 544 4238 terbum.
563 4180 639 4249 Quod
660 4179 684 4236 si
704 4180 782 4249 lupus
801 4179 829 4236 in
854 4188 880 4236 te
900 4178 972 4234 torte
1021 4183 1138 4239 statione
1149 4182 1303 4255 quiescitis,
1317 4183 1366 4240 sed
1383 4183 1411 4240 iu
1424 4183 1604 4256 procellarum
1625 4185 1713 4242 adbuc
1726 4186 1813 4243 turbi-

179 4272 336 4343 repentinus
345 4271 470 4343 insurgit,
484 4271 575 4340 arripe
586 4279 701 4341 petram,
714 4277 742 4325 et
757 4269 882 4341 protinus
891 4267 970 4340 luqit.
1020 4272 1103 4329 nibus
1113 4271 1257 4339 laboratis,
1266 4288 1301 4329 tre
1314 4271 1428 4331 flabrum
1441 4273 1476 4331 ab
1487 4290 1537 4331 ore
1554 4284 1644 4332 vestro
1659 4276 1722 4332 rani
1734 4278 1813 4348 spiri·

177 4363 245 4431 Quae
268 4371 359 4418 autern
383 4368 426 4419 est
450 4373 544 4432 petra,
567 4360 618 4415 nisi
638 4358 780 4415 cbristus?
803 4355 829 4430 (Ι
852 4356 925 4412 Cor.
941 4355 970 4429 ¹)
1023 4374 1066 4421 tus
1077 4362 1234 4435 effluat„qui
1244 4362 1708 4440 buiusiqnisllammasexstinquat.
1720 4367 1812 4427 Elatus

178 4466 259 4522 (luem
272 4451 402 4522 lll⁰s0⁰l⁰a
418 4449 453 4515 εἰ,
463 4448 533 4505 δῑθῠῑ
551 4448 661 4519 dignum
682 4456 734 4515 0⁵¹,
755 4446 864 4515 afrilis,
877 4445 969 4517 lupum
1021 4455 1094 4512 enim
1107 4463 1136 4511 et
1152 4440 1295 4527 aliquando
1307 4454 1432 4513 flammas
1442 4456 1516 4514 elicit
1529 4468 1557 4515 et
1570 4458 1714 4530 aliquando
1733 4458 1812 4515 dam·

177 4540 308 4611 Sdlfllillss
318 4539 511 4611 ssedssulaealilfi
524 4547 550 4594 ῑθ
560 4535 893 4609 persequitur,eliuqabis;
902 4547 930 4593 el
939 4546 970 4592 til
984 4510 1009 4570 ὓ
1021 4561 1080 4602 mas
1090 4545 1238 4618 exstinguit
1248 4546 1438 4622 ematque,
1450 4555 1480 4601 ut
1490 4546 1528 4602 ita
1540 4547 1812 4619 dixerimquasisnl·

136 4650 153 4665 ”
176 4630 260 4702 825
283 4631 347 4687 ΝΜ
365 4631 553 4686 ῑῦθΰῐῑθῑθῐῑῑθΐ
573 4626 721 4697 “belniso
743 4625 817 4682 ⁸0¹V0
840 4626 968 4682 amictum
1020 4637 1077 4693 ssat.
1093 4636 1191 4701 ilorno,
1209 4651 1271 4692 cum
1286 4651 1372 4693 sacrae
1385 4638 1516 4693 doctrinae
1526 4639 1655 4710 mysteria
1669 4642 1809 4711 praedicat,

177 4732 254 4777 tuum
270 4736 318 4792 per
332 4707 540 4783 contessionem,
554 4727 651 4773 utnon
665 4716 970 4786 murnsrsedetoqnens
1020 4726 1167 4791 sqfflqr‚er
1186 4740 1247 4781 cum
1258 4725 1647 4794 mtoetsrapnfisvaca135eq‚
1663 4730 1734 4793 spem
1757 4744 1806 4800 per
1905 4766 1916 4773 .

149 4878 154 4893 ,
176 4818 301 4875 serendae
310 4816 511 4888 praedicationis
529 4815 630 4871 babeas
647 4811 810 4875 libertatem.
828 4810 969 4879 Scriptura
1019 4814 1206 4871 aedificationis
1229 4814 1311 4869 rerba
1325 4815 1359 4869 ad
1372 4829 1492 4871 amorem
1506 4815 1553 4870 [lei
1565 4817 1756 4875 corarrdientis
1772 4818 1799 4875 in

177 4917 296 4965 testante
310 4926 318 4965 a
348 4928 359 4963 r
376 4909 425 4964 [lic
445 4917 472 4962 ιιι
494 4905 651 4975 iniquitates
674 4911 746 4965 tuas,
760 4910 790 4956 nt
811 4899 969 4969 justificeris
1020 4900 1150 4967 flammat,
1163 4902 1203 4957 sic
1215 4900 1271 4972 agit
1284 4910 1313 4956 ut
1327 4918 1343 4958 a
1357 4902 1482 4972 supernis
1506 4903 1649 4962 desideriis
1661 4920 1710 4977 per
1723 4907 1803 4962 otiose

176 4997 247 5069 (iao.
267 4996 353 5068 turn).
373 4994 476 5063 »Quis
494 5007 596 5064 quase,
613 4989 704 5046 docuit
724 5003 813 5053 otenr,
827 4998 858 5043 nt
870 4987 969 5043 hiemis
1020 4994 1103 5048 uerba
1129 4992 1268 5067 iriqescat.
1288 4991 1342 5049 Sed
1371 4993 1451 5051 datus
1478 4995 1548 5066 iste,
1566 5012 1647 5070 quern
1676 4998 1793 5055 diximus

175 5085 297 5157 inopiam
313 5087 418 5151 timeat,
430 5094 512 5155 atque
525 5083 586 5141 ideo
601 5081 675 5138 velut
687 5079 848 5137 insatiabilis
862 5089 968 5135 auturn-
1019 5082 1090 5139 lorte
1113 5084 1243 5141 ridiculus
1272 5086 1454 5159 deputabitur,
1480 5088 1541 5143 nisi·
1555 5104 1640 5148 sacrce
1663 5088 1794 5161 Scriptura

176 5168 233 5234 nali
248 5186 370 5248 tenpore
394 5177 494 5234 herbas
506 5173 707 5246 inexplebiliter
720 5171 837 5244 carpatl
857 5171 968 5227 Avidius
1021 5173 1183 5230 testimoniis
1196 5176 1449 5245 apprehendebant
1471 5177 1565 5248 iraque
1577 5179 1609 5234 de
1624 5179 1725 5236 salubri
1742 5178 1800 5236 dett

175 5268 251 5323 erriut
262 5266 416 5322 milletune
428 5248 555 5336 pabultsst
573 5262 656 5333 leitil.
668 5261 834 5331 herbamque
849 5275 902 5314 ¹¹0ss
917 5275 964 5313 ne-
1019 5263 1085 5334 quid
1101 5276 1150 5334 per
1164 5264 1262 5320 lsaiam
1277 5265 1407 5323 Dominus
1421 5267 1488 5323 dicit
1502 5284 1509 5320 ε
1528 5287 1538 5320 ι
1552 5266 1611 5323 Nun
1627 5268 1653 5323 in
1677 5276 1807 5325 aeternum

176 5358 269 5414 sciens
283 5344 451 5422 delaturam,
461 5370 535 5420 sese,
546 5353 609 5408 dum
622 5351 703 5420 licet,
712 5351 823 5409 uberius
835 5350 927 5416 sarcit,
938 5358 969 5404 ut
1020 5353 1141 5425 litigabo,
1156 5370 1245 5427 neque
1258 5358 1389 5428 usquead
1402 5360 1483 5419 linem
1494 5361 1610 5427 mascam
1622 5360 1685 5430 qnia
1696 5361 1807 5431 spiritns

175 5451 256 5522 quasi
270 5448 369 5507 interae
383 5457 550 5522 praeparetur
564 5447 659 5518 inopie
670 5454 699 5502 et
715 5444 803 5500 vietus
826 5442 867 5497 sni
894 5440 968 5496 lnera
1009 5457 1036 5517 va
1051 5441 1120 5497 lacie
1133 5458 1192 5499 mea
1207 5447 1373 5513 egredietur,
1390 5457 1419 5502 et
1431 5445 1523 5503 datum
1547 5462 1598 5520 ego
1620 5447 1719 5505 inciam
1733 5449 1805 5521 (lae.

176 5549 302 5610 reponat,
323 5550 468 5612 antequam
482 5541 574 5595 virens
601 5538 685 5593 herba
705 5535 828 5591 deliciet.
850 5533 903 5589 Sed
919 5548 971 5589 nee
1019 5534 1132 5598 satiri.»
1143 5534 1213 5590 dudi
1227 5535 1279 5591 sub
1291 5535 1352 5592 aliis
1370 5537 1480 5609 syllabis
1491 5540 1524 5597 do
1539 5537 1611 5594 malo
1624 5537 1721 5608 spiritu
1741 5541 1806 5610 quid

176 5627 244 5685 illud
257 5638 301 5685 est
312 5630 370 5686 sine
380 5645 462 5686 causa
476 5630 548 5701 quod
561 5628 671 5698 elepbas
690 5625 870 5682 lormidabilis
885 5622 969 5679 tauris
1017 5615 1119 5695 l’aulus
1131 5625 1220 5681 dicat:
1236 5645 1247 5678 ι
1262 5625 1377 5682 Prolana
1400 5635 1429 5682 et
1452 5627 1593 5699 vaniloqua
1608 5629 1804 5694 verbaderitn:

176 5734 285 5777 araurem
298 5720 403 5778 timeat.
419 5720 485 5788 Leo,
501 5736 546 5775 ren
561 5718 691 5778 [orarum.
709 5716 830 5789 [rarescit
844 5713 968 5785 exignum
1021 5714 1134 5771 multum
1162 5716 1233 5771 cuim
1248 5716 1391 5788 proliciunt
1411 5718 1445 5774 ad
1462 5718 1650 5790 impietatem„
1663 5729 1690 5776 et
1712 5730 1801 5777 scruto
