4017 6192
208 296 281 362 idid
661 294 914 355 collecturam
931 294 967 354 tlt
984 293 1102 355 turus
1120 291 1392 354 ttsttdettwtl.
1773 286 1845 344 {ddi

206 388 265 447 lloc
280 387 371 446 sancti
380 387 498 461 Spiritus
514 385 604 459 gladio
621 402 671 444 rex
684 388 853 444 exercituum
873 386 998 444 cbristus
1012 392 1036 450 Α
1049 400 1104 458 quo
1115 393 1175 443 erat
1185 385 1243 456 ipse
1253 383 1402 440 venturust
1418 399 1428 436 r
1445 378 1523 455 (bac.
1534 378 1578 452 ι.)
1591 377 1735 438 llicetiam
1746 381 1845 450 praedi·

204 493 269 537 tuos
282 487 372 535 armat
388 479 502 542 militem
515 477 567 533 lroc
580 476 664 532 etiam
677 490 741 533 suas
754 475 896 549 praecingit
908 491 941 533 ac
956 490 1001 534 ro-
1050 475 1171 534 eantium
1196 474 1264 531 ordo
1283 474 1340 546 lant
1363 465 1532 546 ligurabatu'r
1553 471 1580 527 in
1603 470 1666 537 illis,
1688 469 1723 526 do
1745 470 1845 540 quibus

204 568 286 626 borat
303 570 466 626 bellatrices.
481 567 523 626 Et
539 577 657 640 utroque
670 567 804 638 siquidem
816 568 1001 626 searrmilitias
1050 568 1085 624 ad
1105 566 1216 641 ilogsen
1232 566 1364 623 Dominus
1380 565 1437 621 ait:
1455 583 1466 617 ι
1483 562 1625 636 congrega
1647 561 1715 619 mibi
1735 570 1845 633 septua-

205 675 263 717 suae
277 674 378 717 euneos
393 659 503 716 instruit
525 660 654 729 aciesque
673 657 823 729 componit,
844 659 908 732 quia
926 659 1000 715 viror
1050 659 1126 732 ginta
1144 658 1219 716 uirus
1235 657 1269 716 do
1282 656 1438 716 senioribus
1451 654 1545 723 lsrael,
1559 669 1628 732 quos
1642 664 1671 710 tu
1684 654 1757 712 nosti
1774 649 1845 726 quod

205 768 240 810 ac
264 750 380 810 lemlaas
404 749 438 808 ad
458 751 600 825 praemium
618 752 693 808 beati
716 752 873 810 certaminis
894 751 1002 810 indide-
1051 750 1233 823 senespopnll
1248 750 1342 806 sintet
1354 747 1488 821 magistri,
1501 755 1530 803 et
1545 747 1626 803 ducet
1640 747 1733 803 eosad
1744 744 1846 804 ostium

205 851 299 901 renter
310 843 439 900 admittit.
1053 837 1132 912 173
1147 839 1315 898 tabernaculi
1327 837 1437 896 imdcris
1450 834 1490 907 (Ν
1493 853 1546 893 um.
1558 836 1608 910 xa).
1618 854 1629 888 ι
1638 834 1708 903 Quid
1721 849 1788 890 vero
1796 849 1847 907 per

472 933 552 1005 172
573 931 688 990 eleut
708 930 742 987 V.
1051 933 1221 1001 dbimelecb,
1233 934 1280 1005 qui
1294 948 1389 992 eortrm
1405 932 1493 989 irater
1504 941 1575 999 erat,
1590 932 1639 989 sed
1650 930 1776 1002 spurius,
1793 928 1849 990 nisi

272 1073 276 1086 .
396 1023 565 1081 Intermere
576 1025 609 1079 de
626 1024 654 1082 S.
672 1024 810 1081 naraon
1051 1024 1184 1082 luxoriosi
1196 1033 1279 1096 atque
1290 1024 1416 1082 curceles
1429 1023 1595 1097 intelligendi
1610 1023 1788 1090 suntcierlci,
1798 1022 1850 1095 qut

243 1133 254 1170 ι
273 1113 379 1181 lloono,
407 1112 521 1184 »inquit
537 1113 660 1182 Gedeon,
678 1133 688 1167 r
706 1109 805 1170 melius
820 1122 863 1169 est
876 1128 1003 1172 racemus
1052 1115 1251 1173 cadtollenrum
1275 1123 1489 1185 sanctorumque
1512 1111 1670 1184 poutidcum
1694 1119 1723 1169 et
1746 1110 1849 1172 tratres

205 1206 336 1280 Ephraim
351 1206 496 1263 vindemiis
512 1207 644 1265 dbieaerl
660 1228 670 1263 r
688 1208 764 1281 (tud.
775 1208 847 1282 ιιιι.)
858 1207 926 1265 Nam
938 1202 1003 1281 quia
1053 1203 1162 1282 quidem
1178 1215 1241 1263 stant
1256 1221 1305 1280 per
1322 1215 1464 1278 acceptura
1478 1204 1692 1264 ecclesiasticum
1709 1205 1848 1274 ordiraem,

206 1300 350 1374 prraim,
371 1300 444 1371 quod
463 1300 651 1371 {candidatam
673 1309 763 1368 socrat,
785 1300 938 1358 Ecclesiam
958 1316 1004 1357 et·
1053 1308 1082 1356 et
1092 1309 1181 1355 maneo
1194 1297 1443 1369 eporttjudieaatur
1451 1312 1500 1369 per
1509 1295 1653 1369 degeneris
1662 1296 1851 1369 ritaeetigrto·

206 1390 311 1464 primit,
328 1390 393 1461 quid
405 1397 604 1462 periracemum
619 1391 760 1462 Ephraim,
776 1391 829 1448 nisi
844 1390 1003 1462 Christum}
1053 1390 1147 1448 bilium
1158 1405 1271 1462 operum
1283 1390 1465 1463 pravitateml
1478 1387 1510 1446 lla
1522 1389 1622 1447 iratres
1633 1405 1698 1448 suos
1709 1391 1850 1460 occidunt,

206 1483 273 1552 quid
286 1498 336 1554 per
349 1483 500 1539 vindemias
511 1483 638 1549 Abieaer,
655 1483 707 1539 uisi
721 1481 895 1540 iurleioarum
911 1482 1003 1539 multi·
1054 1497 1117 1538 cum
1133 1490 1293 1539 saeclorum
1308 1479 1419 1537 Petrum
1431 1475 1534 1552 iudicia
1547 1481 1699 1544 destruunt,
1713 1497 1775 1537 nrm
1787 1497 1852 1538 san·

208 1572 329 1630 tudinem
342 1573 532 1639 sacerdotum;
548 1573 607 1630 slve
624 1574 706 1628 etlam
719 1588 768 1646 per
779 1588 929 1639 racemum,
942 1585 1005 1644 parf
1055 1572 1160 1629 ctiones
1179 1586 1274 1629 eorum
1291 1580 1374 1643 atque
1386 1571 1494 1629 decreta
1509 1585 1638 1643 perverse
1653 1570 1770 1628 vivendo
1786 1585 1852 1629 ooo·

206 1677 258 1718 rus
273 1662 392 1719 bdelium
413 1677 544 1721 numerus
565 1663 711 1735 primitive
730 1663 869 1729 Ecclesiae,
883 1677 932 1735 per
945 1662 1006 1718 rin·
1056 1660 1181 1724 lundunt.
1194 1665 1226 1721 El
1242 1663 1301 1721 baec
1316 1663 1470 1721 interiectio
1484 1662 1516 1719 lit
1527 1678 1608 1734 super
1620 1662 1737 1734 lapidem
1753 1677 1851 1718 unum.

207 1752 326 1810 dentiam
347 1769 412 1811 vero
425 1753 569 1811 multitude
583 1754 755 1826 intelligenda
774 1764 817 1811 est
834 1752 1004 1826 synagogai
1019 1756 1042 1817 Β
1056 1755 1137 1827 lapis
1149 1756 1202 1812 iste
1215 1753 1364 1812 saluatoris
1377 1764 1419 1813 eat
1429 1754 1565 1820 Ecclesia,
1576 1752 1610 1811 de
1621 1769 1674 1825 qua
1686 1768 1736 1826 per
1746 1753 1853 1809 zaeba-
1891 1825 1901 1834 ‚

208 1841 303 1898 ilelior
312 1852 355 1900 est
368 1860 433 1916 ergo
444 1861 570 1904 racemus
580 1844 860 1916 prraimrindamiis
869 1844 1002 1913 alimen
1058 1849 1126 1903 riam
1148 1847 1270 1903 dieiturr
1288 1865 1298 1902 ι
1315 1845 1387 1904 Ecce
1406 1860 1457 1918 ego
1479 1844 1611 1902 adducam
1634 1859 1744 1901 serrum
1759 1857 1851 1900 meam

208 1931 273 2000 quia
288 1933 394 1989 beatior
415 1934 467 1989 luit
480 1935 618 2005 primitiva
639 1935 771 2002 Ecclesia,
793 1949 952 2006 quemque
976 1935 1004 1991 ia
1056 1936 1213 2006 Orientem,
1228 1932 1292 2007 quia
1307 1952 1372 1995 ecce
1383 1935 1469 2009 lapis,
1484 1950 1566 2008 quem
1581 1934 1644 1992 dedi
1660 1950 1752 1990 coram
1766 1929 1851 2002 iesu3

208 2021 291 2079 duem
305 2025 398 2080 saeculi
415 2026 613 2082 recrescentium
627 2026 720 2082 sobole
731 2026 908 2093 secundatum
923 2021 1009 2095 quani
1056 2041 1140 2100 saper
1151 2028 1269 2100 lapidem
1284 2043 1368 2084 unum
1379 2035 1483 2100 septem
1497 2025 1568 2084 oculi
1581 2035 1645 2083 sunt
1659 2019 1750 2097 (Zara.
1770 2024 1849 2096 tul.»

209 2115 443 2189 synagogaquae
463 2119 594 2189 paulatim
616 2119 736 2189 quotidie
750 2116 888 2176 deiectum
907 2118 1006 2177 nainoi-
1056 2118 1138 2192 Lapis
1155 2120 1364 2192 isteaulrobique
1375 2135 1446 2176 unus
1458 2117 1598 2191 aptissime
1612 2116 1730 2184 dicitur,
1743 2123 1775 2171 ut
1788 2113 1852 2172 nnl-

208 2216 265 2262 tur.
289 2207 367 2265 llnde
380 2216 410 2264 et
426 2224 476 2280 per
493 2209 589 2265 isaiam
603 2210 746 2266 dicituraa
765 2208 871 2275 Lauda,
891 2208 1004 2276 sterilis,
1058 2218 1100 2267 tas
1117 2209 1247 2267 Ecclesia
1269 2208 1491 2278 commendetur3
1513 2208 1547 2266 de
1569 2222 1623 2279 qna
1636 2221 1751 2279 sponsus
1768 2205 1807 2262 ait
1822 2205 1853 2261 iu

209 2313 272 2368 que
283 2314 337 2355 non
352 2301 443 2376 paris;
460 2301 574 2358 decanta
586 2302 731 2359 laudemet
741 2304 868 2375 hymnos,
880 2318 940 2373 quta
950 2318 1005 2361 non
1056 2300 1178 2358 canticis
1191 2318 1199 2356 t
1215 2318 1225 2354 ι
1243 2295 1303 2357 lina
1317 2307 1359 2357 est
1372 2293 1498 2356 columba
1511 2311 1582 2364 mea,
1594 2299 1700 2353 unaest
1710 2295 1853 2368 genitricis

208 2386 345 2459 pariebas,
359 2388 489 2458 quoniam
514 2390 591 2447 multi
609 2390 657 2447 lilii
677 2392 793 2449 desertae
815 2393 904 2465 magis
923 2397 1005 2465 qoam
1057 2390 1216 2464 tuaeldeat.
1229 2389 1279 2462 rr).
1298 2409 1309 2444 ι
1325 2381 1395 2458 Quid
1410 2397 1579 2445 suntautem
1592 2394 1695 2458 septem
1709 2383 1782 2441 oculi
1803 2400 1852 2441 sua

209 2477 268 2548 eins
282 2494 343 2549 que
357 2480 441 2536 babet
460 2480 564 2551 tirum;
582 2481 665 2537 dilata
689 2481 779 2540 locum
792 2484 901 2541 tentorii
922 2482 963 2540 tui
979 2491 1009 2540 et
1057 2497 1106 2556 per
1116 2478 1233 2554 lapidem
1244 2496 1337 2546 unum,
1351 2475 1427 2537 salto
1441 2488 1543 2547 tamem
1553 2473 1577 2533 si
1587 2485 1641 2542 est,
1652 2473 1854 2547 altiorimyste

208 2566 294 2640 pelles
315 2569 553 2627 tabernaculorum
570 2579 678 2629 tuorum
690 2573 823 2645 extende,
840 2585 876 2629 ue
896 2587 1005 2644 pareat,
1058 2572 1174 2640 ricmiri
1187 2569 1225 2630 iili
1237 2571 1409 2644 septuaginta
1422 2570 1485 2639 riri,
1497 2569 1549 2625 boc
1558 2576 1612 2634 cst,
1626 2566 1752 2623 doctores
1764 2561 1854 2620 sancd

209 2656 306 2730 longos
320 2657 366 2715 lac
383 2659 520 2717 funiculos
535 2669 597 2719 tuos
610 2671 639 2719 et
654 2662 746 2720 clares
763 2672 825 2722 taos
844 2663 1004 2733 comodum
1058 2663 1088 2721 lu
1101 2661 1296 2720 ecclesiastice
1310 2661 1385 2733 pacis
1399 2659 1504 2717 unitate
1522 2656 1659 2730 conjuncti
1677 2663 1705 2714 ct
1722 2654 1854 2728 septilor-

207 2745 244 2802 ad
266 2745 407 2805 dexteram
421 2751 495 2805 enim
509 2759 539 2806 et
554 2752 589 2807 ad
609 2751 704 2808 lavato
719 2754 886 2825 penetrabis,
909 2764 938 2811 et
959 2768 1006 2812 se·
1059 2754 1113 2812 rtis
1125 2753 1215 2812 saneti
1226 2747 1348 2826 Spiritus
1356 2747 1567 2808 charismatibus
1580 2745 1706 2805 illustrati
1717 2746 1793 2805 ll‘er
1803 2747 1856 2804 bot

210 2850 274 2892 meo
286 2845 360 2893 tuum
380 2840 660 2911 gentesbaereditablt
671 2841 818 2917 (laumas).
833 2841 1008 2913 adeamne,
1058 2845 1132 2902 ιιιὶιιι
1151 2839 1247 2901 oculos
1262 2850 1358 2899 sancta
1382 2836 1508 2898 videlicet
1522 2833 1643 2897 Ecclesia
1660 2849 1711 2911 per
1724 2840 1776 2896 bos
1790 2852 1856 2893 con·

209 2927 288 2999 cujus
309 2943 402 2984 smuen
427 2938 522 3001 gentes
546 2931 700 2998 hereditat,
725 2934 846 2993 Ecclesia
870 2945 922 3000 est,
947 2949 1009 3006 quar
1059 2935 1142 3008 spicit
1150 2933 1197 2993 nbi
1208 2931 1275 2991 recti
1286 2926 1378 3007 operis
1388 2932 1484 3004 pedem
1498 2938 1581 3003 ponat
1592 2945 1624 2987 ac
1632 2944 1682 3003 per
1691 2928 1763 2986 viam
1777 2929 1865 2986 mani

210 3017 333 3090 quotidie
346 3032 432 3090 genus
446 3020 594 3078 bumanum
607 3036 657 3093 per
666 3038 730 3081 suos
741 3015 811 3082 dlins'
826 3026 861 3082 ad
875 3026 938 3084 lidei
948 3026 1009 3082 uul-
1061 3025 1187 3082 datorum
1200 3022 1249 3081 bet
1267 3019 1397 3096 gradiens
1416 3035 1540 3079 normam
1556 3015 1728 3077 rectitudinis
1743 3033 1797 3075 aon
1812 3013 1856 3074 ol-

211 3119 294 3168 tatem
307 3111 469 3170 voeatliaec
480 3122 534 3181 ost,
544 3114 641 3188 dequa
651 3117 788 3175 dicituria
798 3118 945 3190 psalmista
955 3119 1010 3177 Pro
1022 3116 1046 3183 c
1060 3115 1163 3174 lendat.
1178 3113 1338 3173 dbimelecb
1351 3128 1417 3186 orgo
1431 3121 1543 3169 menter
1565 3119 1593 3168 et
1614 3110 1723 3184 spurius
1744 3117 1858 3181 septua-

210 3219 255 3272 ea,
267 3219 329 3276 que
341 3205 517 3277 consequitor
534 3207 719 3268 hereditatem
734 3210 780 3283 (la
793 3211 835 3267 rit.
856 3205 933 3268 Pari.
947 3212 977 3286 a)
993 3230 1008 3268 a
1060 3208 1137 3280 ginta
1151 3207 1289 3281 legitimos
1301 3206 1402 3264 iratres
1416 3219 1499 3278 super
1508 3219 1591 3274 unum
1604 3199 1721 3275 lapidem
1733 3201 1856 3275 perimit,

211 3293 276 3352 ttae
295 3304 338 3353 est
355 3297 511 3368 lineaque
535 3297 643 3356 laudem
662 3300 812 3360 decantare
833 3303 1009 3376 praecipitum
1061 3300 1171 3370 qnando
1191 3315 1257 3373 pars
1274 3293 1436 3357 clericorum
1457 3299 1493 3354 ab
1515 3291 1706 3354 ecclesiasticae
1720 3295 1857 3352 castitatis

212 3385 283 3442 sicut
304 3395 333 3442 et
350 3388 422 3459 apud
440 3388 568 3445 eumdem
584 3389 744 3461 propbetam
767 3391 833 3448 alibi
854 3394 1010 3465 reperitur:
1061 3389 1205 3449 nobilitate
1225 3391 1407 3464 degenerans,
1428 3383 1552 3448 obscene
1566 3402 1597 3446 se
1613 3387 1730 3445 luxoriae
1750 3387 1856 3460 legibus

214 3474 330 3533 «luiba
344 3477 388 3533 die
401 3477 481 3534 niuea
501 3480 571 3537 meri
593 3482 715 3538 mutabit
736 3481 781 3539 el:
799 3481 856 3556 Ego
868 3483 1011 3554 Dominus,
1062 3479 1182 3554 subjicit,
1194 3488 1222 3537 ot
1232 3481 1296 3537 dum
1311 3494 1407 3537 sacros
1417 3492 1536 3536 canones
1548 3473 1855 3549 reprobandosjudieat,

213 3565 259 3638 qui
275 3581 355 3624 terro
370 3582 431 3624 eam
446 3567 515 3642 (leo.
532 3570 632 3642 xxrrt).
653 3590 663 3626 r
681 3572 720 3629 lle
742 3573 796 3630 bae
820 3574 899 3631 uinea
913 3575 1011 3633 beatus
1062 3574 1157 3630 eorum
1169 3569 1336 3638 conditores,
1350 3573 1459 3627 sanctos
1472 3567 1601 3625 videlieet
1613 3568 1688 3624 viros
1698 3579 1730 3623 ae
1743 3581 1793 3639 per
1805 3567 1857 3624 boe

213 3673 322 3729 quoque
335 3657 481 3718 ilattbaeus
504 3660 648 3717 Dominum
669 3663 773 3722 dixisse
794 3676 1010 3724 commemorat:
1059 3657 1167 3719 nobiles
1179 3655 1327 3726 Gedeonis,
1338 3655 1429 3727 idest,
1440 3655 1591 3717 salvatoris
1604 3666 1633 3716 et
1644 3657 1775 3716 Ecclesiae
1786 3657 1857 3717 ullos

214 3745 284 3818 tibia
311 3769 322 3804 ι
345 3749 429 3807 bomo
445 3761 507 3809 erat
526 3752 724 3824 pateriamilias
747 3753 794 3827 qai
813 3756 947 3828 plantarii
968 3758 1011 3814 ri·
1060 3749 1147 3827 impia
1161 3751 1364 3827 quodammodo
1376 3747 1538 3810 erudelitate
1551 3751 1681 3808 trucidat.
1694 3749 1856 3823 Quanquam

213 3854 308 3908 ιιιιιιι,
323 3848 353 3898 ct
364 3855 460 3913 sepem
474 3843 656 3901 circumdedit
673 3846 710 3914 ei,
733 3855 761 3902 et
775 3846 843 3903 iodit
857 3846 886 3905 in
901 3863 934 3906 ea
956 3859 1012 3906 tor-
1061 3859 1118 3902 non
1140 3837 1298 3917 ignoremus
1315 3857 1370 3900 ooo
1390 3837 1510 3901 absurde
1535 3839 1684 3915 significari
1704 3851 1788 3914 posse
1808 3853 1858 3913 per

213 3931 299 3999 colar,
310 3941 339 3991 et
347 3933 493 3992 edificavit
507 3937 615 4004 turrim,
626 3947 655 3994 ct
665 3937 765 3995 locarit
775 3952 835 3995 eam
847 3940 973 4013 agricolis
984 3950 1014 3999 et
1060 3929 1187 3995 ieroboal
1202 3933 1356 4003 curarum
1371 3949 1421 4008 per
1435 3929 1595 3991 dbimelecb
1609 3974 1617 4000 ,
1633 3929 1855 3990 dntiebristum:

210 4036 328 4096 peregre
340 4023 478 4095 proiectus
490 4026 654 4098 estillodlr.
674 4028 743 4101 ura).
766 4047 776 4082 r
799 4028 864 4087 llaec
876 4030 957 4088 uinea
976 4047 1012 4089 ex
1062 4027 1110 4101 qui
1128 4023 1258 4084 nimirum
1272 4024 1345 4083 sicut
1357 4021 1404 4083 ille
1416 4023 1586 4092 concubine,
1600 4021 1679 4082 sicel
1693 4019 1746 4080 iste
1758 4030 1857 4080 estre·

214 4110 261 4167 illo
275 4112 376 4185 prodiit
386 4112 474 4178 botro,
492 4114 538 4186 qui
551 4116 665 4186 pedibus
682 4109 838 4175 iudeorum
850 4127 934 4191 etque
945 4135 1013 4193 gem·
1057 4116 1139 4189 lectae
1154 4115 1225 4175 illius
1237 4113 1404 4191 Syatagogae3
1419 4130 1469 4188 per
1480 4115 1652 4189 septuaginta
1665 4127 1733 4172 tero
1745 4113 1856 4180 iratres,

208 4200 302 4262 ¹tilium
318 4204 344 4258 in
358 4202 448 4263 crucis
466 4205 586 4263 calcatus
600 4216 643 4264 est
663 4208 758 4280 prelo,
774 4219 809 4267 et
825 4224 880 4283 quo
896 4210 1011 4283 pretiosi
1063 4223 1132 4279 quos
1145 4201 1304 4265 dbimeieeb
1318 4199 1453 4264 occidisse
1467 4213 1607 4273 narratur,
1617 4204 1790 4279 septuaginta
1803 4203 1857 4260 llo·

214 4293 355 4366 sanguluis
366 4296 438 4351 unda
448 4293 589 4367 produxit,
599 4315 661 4370 quae
671 4312 777 4358 meotes
790 4302 930 4359 bominum
941 4304 1013 4362 male
1063 4316 1177 4375 guarum
1191 4308 1298 4372 gentes,
1310 4313 1380 4371 quas
1391 4297 1576 4357 dndclrristur
1587 4293 1718 4355 meconii
1731 4296 1785 4353 dne
1794 4311 1860 4371 per·

214 4386 321 4443 sobrias
334 4387 399 4444 vino
411 4390 562 4460 spiritualis
581 4393 678 4464 gratiae
698 4395 847 4453 salubriter
866 4398 1010 4456 debriavit.
1063 4401 1204 4464 willemi·

216 4478 255 4534 lle
269 4493 324 4550 qun
338 4479 444 4535 scilicet
456 4480 520 4537 vino
534 4466 596 4539 cum
611 4479 727 4541 diversis
740 4485 840 4560 linguis
854 4503 903 4560 per
923 4465 1053 4563 spiri-⁰
1231 4465 1240 4482 ⁸
1367 4481 1483 4542 eleba
1504 4481 1557 4539 Vll.

214 4577 274 4627 tnm
300 4579 425 4629 sanctum
448 4573 627 4645 loquerentur
657 4578 793 4649 apostoli,
821 4581 925 4639 dictum
946 4593 1011 4641 est:
1065 4594 1099 4653 ιη
1112 4595 1222 4668 opinata
1236 4596 1274 4651 ad
1290 4594 1461 4669 &siderium
1485 4569 1636 4679 episcopare
1657 4594 1691 4652 tle
1712 4593 1862 4653 undere

217 4659 555 4735 allustopleaituotisti
570 4668 640 4740 (det.
656 4671 722 4741 erl.»
1351 4687 1360 4700 ·
1392 4665 1530 4738 episcopas.

521 4775 638 4836 ggpuq·
657 4778 702 4836 qq⁸
1102 4778 1113 4813 a
1131 4756 1215 4816 Stetit
1235 4751 1353 4815 inathen
1376 4755 1524 4816 inrertice
1541 4757 1642 4817 montis
1656 4751 1789 4824 Gerizim,
1804 4758 1864 4816 ele-

238 4864 274 4925 1„
286 4865 400 4940 ,paam
411 4867 446 4923 „g
455 4851 569 4924 pm„
583 4871 836 4944 mmmmm
850 4872 883 4931 ge
893 4872 985 4933 am„
1063 4861 1181 4924 rataque
1195 4867 1263 4909 voce
1274 4847 1423 4909 clamarit:
1438 4851 1538 4910 Audite
1551 4861 1607 4921 ttae,
1621 4849 1672 4909 riri
1689 4847 1863 4918 sichemita

473 4939 583 4995 tinentia
595 4939 761 4999 clericorem.
1064 4942 1158 4998 audiat
1177 4941 1336 5000 vasileus:
1358 4935 1452 4998 ierunt
1475 4935 1560 5014 ligna,
1574 4953 1604 4998 ut
1627 4951 1760 5016 ungerent
1778 4956 1863 5014 super

254 5051 265 5086 ι
279 5028 437 5092 Abimelocb
444 5028 657 5118 liliusleroboal,
671 5052 680 5085 ι
695 5048 777 5105 quem
787 5034 927 5107 Scriptura
936 5037 1014 5110 geni·
1064 5051 1096 5093 se
1111 5049 1222 5108 regem
1246 5035 1430 5107 dixeruntque
1451 5029 1530 5092 oliuae
1545 5029 1671 5107 :impera
1692 5032 1782 5091 nobis.
1796 5029 1864 5102 Qun

223 5129 281 5176 tunt
289 5119 375 5208 relert
383 5119 417 5178 do
424 5120 577 5178 concubina
586 5120 751 5198 (dedinent)
761 5143 841 5197 quam
850 5127 1018 5190 babueratin
1065 5128 1207 5202 respoudit
1220 5145 1228 5184 z
1242 5127 1369 5199 Numquid
1383 5143 1495 5201 possum
1517 5129 1645 5187 deserere
1666 5123 1864 5203 pinguedinem

221 5213 344 5282 stenem,
357 5231 367 5269 ι
382 5212 481 5270 malua
491 5211 591 5270 traam
601 5231 666 5273 suos
676 5216 894 5289 ultasteroboal,
905 5232 1018 5294 septua-
1066 5234 1168 5284 meam,
1183 5234 1237 5291 qua
1251 5218 1329 5275 eadii
1341 5227 1456 5275 uruntur
1470 5228 1500 5276 et
1514 5220 1648 5287 tanton,
1664 5229 1693 5278 er
1706 5215 1814 5288 renim,
1831 5229 1864 5277 ur

218 5301 382 5378 gintarlrot
392 5320 475 5378 super
486 5308 603 5379 lapidem
617 5324 701 5365 arnum
719 5308 820 5381 (indic.
836 5313 885 5386 tt).
914 5337 924 5373 a
941 5320 1015 5388 Quid
1064 5308 1139 5365 iuter
1149 5308 1221 5380 ligna
1235 5309 1421 5380 promovear?
1437 5309 1623 5383 llixeruntquc
1640 5308 1714 5384 ligna
1730 5311 1766 5367 ad
1779 5311 1865 5371 arbo·

218 5399 910 5475 errlmperseptuagintarlros,nisiprredleatorum
920 5409 1015 5472 Eccle-
1049 5421 1124 5466 ,rem
1147 5404 1230 5463 licum
1251 5419 1262 5460 a
1281 5404 1351 5464 Veni
1378 5407 1408 5464 el
1431 5421 1515 5477 super
1540 5420 1592 5462 nos
1611 5419 1726 5478 regnum
1756 5401 1864 5476 accipe.
1989 5409 1990 5412 ’

218 5488 346 5547 dalton
360 5492 704 5565 sigirannoequtomaa
725 5496 1012 5576 tnneeraagdisnz
1065 5495 1131 5565 duo
1145 5497 1286 5570 respondit
1312 5496 1385 5553 eis:
1410 5494 1538 5571 liunquid
1553 5511 1665 5569 mum
1691 5491 1865 5552 auloedtuen

218 5578 285 5646 titia
297 5598 308 5633 ι
320 5581 615 5652 designaritliomiaos
623 5591 807 5660 septuaginta,
817 5603 846 5651 aa
857 5594 933 5653 natata
946 5596 1011 5658 lna
1064 5604 1155 5645 meam
1170 5588 1299 5646 deserere
1319 5586 1478 5660 imctusque
1489 5583 1680 5653 'suarissiruos
1702 5594 1731 5643 et
1749 5581 1811 5652 ire,
1834 5591 1867 5641 ιιι

212 5672 295 5734 binos
304 5684 368 5733 ante
375 5674 474 5734 laeiem
488 5690 566 5737 tuate
575 5677 722 5742 momatur
730 5681 870 5747 ciuitatem
881 5700 910 5749 tt
916 5688 1009 5750 locum
1067 5678 1138 5738 luter
1148 5690 1249 5739 ⁰²³0ss
1271 5678 1343 5753 ”issi
1359 5673 1657 5754 llib11¹⁰l⁰³lfflli=ula
1677 5687 1741 5738 ΝΜ
1755 5691 1868 5752 t⁰⁰t¹¹⁸
