4017 6192
143 245 194 303 cst
559 240 589 297 S.
604 241 704 299 untur
725 238 865 297 nuntnn'l
881 240 957 300 OPl‘.
978 238 1097 301 TOMUS
1116 239 1183 300 SEU
1201 240 1292 299 PARS
1309 240 1354 297 tv.

246 354 329 418 Laus,
344 357 429 409 nonor
442 351 529 420 Patri,
542 353 676 426 parilique
687 352 759 409 Proli
946 358 972 418 Α
1160 352 1234 408 Perit
1245 353 1285 408 ris
1296 354 1424 410 incendii.

214 446 271 502 Una
285 443 423 515 urajestas,
437 444 531 501 eadem
544 452 674 516 potestas,

213 538 281 594 Cum
294 537 392 608 quibus
403 545 513 593 sauctus
525 535 605 592 simul
619 533 712 606 implut
721 550 828 591 omnem
1164 537 1204 592 nd
1221 538 1339 594 tribunal
1352 540 1468 610 rapitur.

392 625 509 698 Spiritus
518 627 621 683 orbern.
633 626 731 683 nmen.
1162 627 1328 694 consulitur,
1343 628 1492 698 impetitur,

497 716 581 774 CXX.
1164 715 1265 772 Eadem
1279 732 1330 774 vor
1346 719 1483 786 redditum

1200 444 1294 500 Victor
1307 442 1342 500 al)
1355 445 1417 516 igne
1430 446 1560 513 tralritur,

358 808 473 875 donam.
486 808 561 865 sidus
575 823 700 874 aureum,

323 900 425 973 ilartyr
438 908 465 957 et
479 900 567 972 proles
580 910 742 973 martyrum.

323 990 378 1047 Sed
389 1005 458 1061 quos
471 991 505 1047 ad
518 991 598 1047 iidem
612 1007 755 1063 praevenis,
802 1016 809 1023 ·

326 1080 455 1153 liartprio
468 1082 640 1153 praecederis.

359 1170 453 1240 Nobis,
466 1172 564 1242 praesul
576 1172 693 1244 egregie,

324 1263 411 1320 Decus
424 1273 452 1321 et
464 1264 511 1318 lux
524 1263 663 1331 Ecclesiae,

321 1352 381 1433 'libi
394 1355 462 1411 testa
476 1355 628 1412 colentibus

325 1446 417 1505 Sacris
429 1463 557 1505 succurre
569 1447 705 1520 precibus.

362 1537 413 1607 Qui
427 1539 474 1595 das
486 1539 619 1594 trimestri
631 1546 744 1598 mortun

325 1628 392 1685 Viva
404 1630 487 1686 verba
501 1630 671 1700 depromere,

329 1720 470 1776 Resuscita
482 1732 531 1789 per
541 1720 673 1790 Spiritum

327 1809 451 1881 Sepultus
463 1810 534 1866 mole
547 1810 702 1867 criminum.

365 1898 435 1967 lita,
447 1900 518 1966 lucc,
532 1908 560 1955 et
573 1899 693 1956 moribus

328 1989 484 2047 Hilarianus
498 1992 657 2057 inonachus.

330 2084 395 2141 lure
408 2084 515 2142 iunctus
527 2085 637 2155 hospitii

247 2218 258 2230 .
332 2177 377 2232 liit
387 2192 486 2235 censor
498 2188 526 2234 ct
539 2175 671 2250 martyrii.

366 2268 429 2337 Vos,
445 2270 525 2326 clarae
538 2269 630 2326 mnndi
644 2267 793 2340 lampades,

332 2362 453 2435 Coelique
467 2364 520 2417 uiui
536 2354 648 2433 lapidos,

331 2451 386 2509 llos
399 2451 520 2508 infelices
532 2450 636 2507 moritis

335 2541 440 2599 Vestris
451 2542 535 2598 ascite
548 2541 676 2613 praemiis.

368 2629 411 2688 sn
421 2630 495 2687 Patri
509 2630 568 2687 laus
583 2631 724 2703 ingenito,'

335 2722 377 2779 Sit
391 2723 473 2780 decus
487 2723 644 2794 unigenito,

340 2814 383 2871 Sit
396 2817 535 2886 utriusque
549 2816 628 2888 parili

340 2904 467 2978 Maiestas
478 2920 582 2963 summa
594 2905 719 2961 Flamini.
730 2905 824 2959 druco.

160 2994 253 3052 Cssl.
269 2995 308 3052 da
322 2995 354 3053 S.
368 2996 472 3052 Donato
485 2998 605 3069 episcopo
618 3005 641 3052 ct
655 3008 779 3066 murtpre.
796 2994 946 3066 Sequentia.

370 3087 481 3144 duratis
493 3088 598 3144 Domini
613 3087 726 3143 citharis

338 3178 452 3245 Laudo,
467 3188 495 3236 et
508 3179 535 3234 in
550 3177 681 3251 cymbalis

336 3268 404 3326 Cum
418 3269 515 3326 Tuscia
531 3268 616 3335 ltalia,

340 3358 443 3415 Nobilis
457 3359 624 3424 monarchia,

338 3452 498 3509 sauctorum
511 3449 676 3508 domicilium

338 3545 425 3615 Quam
438 3552 529 3600 sacrat
541 3543 667 3598 Aritium.

377 3637 406 3692 ln
416 3652 469 3708 qua
478 3636 587 3691 lucerna
600 3633 752 3705 praesulum.

340 3727 401 3792 tta,
414 3725 511 3789 lomna,
526 3724 674 3795 speculum,

341 3819 461 3875 Donatus
474 3828 577 3889 martyr
588 3816 716 3888 inclytam

342 3908 614 3974 Obtinetltasilicam,

343 4001 441 4058 Servat
451 4011 480 4057 ct
492 3998 650 4056 ianuarium

344 4092 412 4149 Coeli
426 4091 501 4149 sidus
514 4107 635 4148 aureum.

285 4182 344 4260 39
379 4183 464 4251 Quem
476 4184 658 4241 nonhumanu
670 4182 760 4239 studia

343 4272 403 4330 Nou
415 4274 512 4344 liuguae
523 4274 659 4339 facundia,

343 4365 429 4438 [ligne
441 4368 513 4422 calet
523 4366 653 4422 extollere

345 4453 399 4510 Pro
412 4455 509 4511 merito
521 4453 623 4523 gloriae.

342 4543 411 4601 llam
421 4560 481 4616 quac
492 4542 613 4617 perscire
624 4544 719 4614 potuit,

344 4635 411 4706 Quis
424 4635 526 4694 reterre
538 4635 654 4709 poterit?

380 4728 520 4786 &minum
533 4745 581 4802 per
590 4728 746 4786 continuum

348 4822 500 4895 Vaporatur
513 4821 641 4888 triduum,

347 4914 383 4971 tu
395 4930 449 4985 quo
462 4924 598 4971 crematur
610 4913 724 4985 longius,

345 5006 453 5062 Cremet
465 5016 527 5075 post
539 5003 656 5059 velocius
668 5019 676 5069 ;

345 5095 422 5153 llunc
436 5094 615 5166 martyrium
630 5092 778 5163 ingreditur

347 5186 402 5244 Nec
416 5186 528 5257 capillos
542 5184 659 5242 teuitm.

382 5278 493 5337 Solunte
507 5292 569 5335 mox
582 5276 704 5348 angelico

345 5370 450 5429 Gaudet
465 5367 660 5435 contubernio;

349 5461 416 5517 llum
429 5460 500 5535 globi
515 5459 629 5515 strident
642 5459 713 5530 ignoi

347 5550 453 5608 Crescit
465 5552 546 5607 ardor
561 5548 640 5606 ddci:

350 5639 396 5696 Sic
410 5641 518 5698 damma
533 5639 660 5699 desiderii

1163 807 1231 863 Nam
1245 808 1298 864 dua
1312 811 1395 880 stupet·
1408 811 1533 866 stabilem

1164 897 1265 954 Dornus
1277 898 1349 971 riget
1362 899 1489 970 lapidem.

1200 987 1268 1044 Cum
1279 1005 1344 1045 caro
1354 990 1443 1060 poeois
1452 979 1579 1061 cingitur,

1167 1077 1243 1134 llens
1256 1079 1283 1133 in
1297 1087 1372 1135 astra
1387 1079 1488 1149 ligitur,

1168 1170 1315 1227 Tormenta
1327 1168 1443 1225 reddunt
1455 1168 1524 1225 leuia

1166 1262 1228 1316 ilisa
1244 1261 1300 1317 illic
1313 1260 1435 1331 praemia.

1167 1352 1212 1410 Sic
1222 1368 1317 1425 prunas
1327 1354 1400 1411 mille
1410 1355 1537 1410 mortium

1170 1445 1251 1501 dulce
1263 1446 1351 1503 credit
1362 1447 1458 1503 otium.

1204 1536 1289 1592 Srcrae
1301 1550 1399 1593 manus
1409 1533 1569 1594 carnidcum

1169 1627 1273 1684 Neruas
1286 1627 1386 1684 vellunt
1398 1629 1544 1698 viscerum,

1169 1719 1320 1791 Compages
1335 1720 1396 1775 laxa
1411 1718 1536 1785 solvitur,

1170 1808 1316 1880 Postquam
1332 1823 1418 1866 nexus
1431 1809 1534 1866 tollitur

1170 1899 1214 1955 Fit
1226 1899 1351 1957 diversus
1362 1901 1463 1967 exitus,
1555 1960 1556 1969 ,

1168 1990 1310 2062 lloltiplex
1324 1991 1461 2071 interitus.

1207 2081 1278 2137 llioc
1290 2081 1406 2139 traditur
1417 2082 1552 2139 ferocibus

1171 2169 1325 2229 Bclluamm
1337 2172 1493 2240 morsibus;

1171 2263 1248 2320 Ferae
1259 2263 1306 2320 scd
1319 2263 1509 2320 indomabilem

1171 2354 1343 2425 deponentes
1355 2353 1470 2419 rabiem.

1172 2443 1288 2500 liiruissa
1302 2443 1370 2499 colla
1383 2443 1490 2501 coelitus

1173 2535 1266 2592 Sacris
1278 2535 1391 2592 flectunt
1402 2535 1538 2605 precibus.

1206 2628 1230 2686 0
1244 2628 1354 2687 Lucifer
1368 2629 1516 2701 Hesperiae,

1175 2717 1198 2776 0
1213 2719 1295 2776 docus
1310 2719 1449 2786 Ecclesiae,

1174 2809 1241 2878 Quis
1255 2818 1301 2866 toa
1314 2810 1401 2881 possit
1413 2811 1505 2868 omnia

1177 2899 1307 2957 Promcre
1320 2901 1472 2971 praeoonial

1176 2992 1235 3049 Non
1248 2994 1300 3051 troc
1311 2995 1425 3066 implere
1437 2994 1561 3064 nitimur,

1177 3082 1230 3140 Sed
1244 3084 1387 3154 gandcnoo
1399 3084 1542 3142 vincimur.

1210 3178 1249 3235 ‘le
1261 3180 1352 3248 pronis
1364 3194 1430 3253 ergo
1442 3180 1578 3239 mentibus

1177 3267 1366 3341 Supplicantes
1382 3272 1509 3343 petimus,

1178 3361 1233 3419 Nos
1246 3363 1332 3434 culpae
1345 3374 1445 3421 nostras
1458 3363 1556 3423 deditis

1178 3449 1244 3507 Tuis
1254 3450 1329 3508 solro
1340 3451 1454 3522 meritis,

1179 3542 1212 3598 Et
1225 3543 1371 3601 electorum
1385 3544 1500 3601 coetilros

1107 3714 1109 3723 X
1178 3634 1269 3692 Sacris
1280 3636 1364 3707 junge
1377 3635 1512 3708 precibus.

1214 3726 1257 3783 su
1270 3727 1329 3784 laus
1341 3727 1415 3785 Patri
1427 3728 1556 3801 ingenito.

1182 3820 1223 3876 Sit
1236 3820 1319 3876 decus
1334 3819 1489 3892 notgerio.

1181 3913 1223 3969 Sit
1236 3912 1377 3981 utriusque
1389 3912 1468 3982 parili

1182 4004 1269 4060 Decus
1281 4017 1361 4059 omne
1373 4001 1489 4059 Flamini
1503 4022 1510 4058 ι

1181 4095 1264 4165 Cujus
1277 4110 1330 4151 uua
1343 4096 1463 4168 potentia

1184 4187 1286 4244 Cuncta
1298 4187 1589 4258 representatum.

1103 4276 1207 4335 cxxtt.
1223 4277 1262 4332 lle
1274 4275 1303 4333 S.
1319 4275 1411 4333 Fidele
1424 4287 1549 4349 martyre.
1567 4276 1697 4349 dument-

1216 4365 1312 4437 Magna
1326 4365 1425 4422 Fidelis
1436 4368 1532 4423 morito

1183 4455 1282 4512 Sancta
1297 4456 1397 4527 promit
1409 4456 1542 4520 Ecclesia,

1181 4544 1232 4614 Qui
1245 4554 1332 4601 morte
1344 4555 1459 4603 mortam
1472 4548 1599 4618 perdidit,

1184 4635 1222 4691 Et.
1230 4636 1317 4692 uictor
1328 4645 1401 4694 astra
1413 4638 1500 4709 petiit.

1218 4727 1331 4798 nblecto
1343 4731 1433 4787 carnis
1444 4745 1527 4788 onere

1114 4817 1169 4890 40
1186 4815 1260 4874 Stola
1272 4819 1387 4874 vestitur
1398 4819 1500 4886 gloriae,

1188 4909 1279 4966 'lersis
1291 4910 1326 4965 ab
1339 4924 1386 4966 ore
1399 4911 1537 4982 tacrymls.

1187 5001 1266 5059 Veris
1281 5001 1382 5071 potitur
1394 5001 1509 5071 gaudiis.

1101 5108 1104 5115 ’
1220 5093 1255 5150 Ut
1265 5106 1329 5148 ease
1338 5106 1424 5149 caesos
1434 5094 1559 5162 moritur,

1186 5185 1263 5240 Sacra
1277 5192 1422 5255 tempestas
1435 5185 1533 5254 oritur.

1187 5275 1233 5330 Sic
1246 5276 1394 5332 intentatur
1406 5275 1495 5346 impiis

1183 5362 1306 5421 Vindicta
1318 5363 1382 5434 justi
1396 5363 1508 5420 iudicis.

1220 5454 1369 5524 Qucmdam
1380 5471 1413 5511 cx
1423 5454 1596 5513 carnificibus

1190 5547 1274 5603 llalus
1287 5547 1390 5602 invadit
1401 5546 1523 5617 spiritus,

1186 5635 1573 5710 uorsacragtenamngttor,
