4017 6192
146 339 201 399 ree
483 313 487 319 “
595 346 720 408 croso.
741 351 833 413 xxti.
853 386 888 400 -
906 356 1054 422 comm
1073 356 1252 420 ousnroos
1272 354 1441 418 aunroos.
1839 351 1893 412 ιιι

146 464 303 566 ⁸¹¹bl'llli1st
329 489 337 524 ²
370 489 381 518 ⁸
408 465 467 527 Nl’t
493 471 753 541 mmmtssiffllelis
778 481 901 552 peccatis
929 487 1034 549 4eea
1043 486 1147 547 vinum
1159 500 1269 557 meum,
1285 483 1362 559 quod
1385 482 1511 542 iaetiiicat
1527 480 1620 541 Deum
1648 482 1677 539 et
1701 465 1847 546 homines,
1861 481 1890 536 et

143 553 249 614 aliems
277 557 421 626 (ibidis
449 557 563 619 Alienis
592 563 698 639 quippe
721 570 843 641 peccatis
868 585 1000 632 commu·
1041 573 1117 633 inter
1136 574 1215 649 ligna
1231 578 1333 634 caetera
1358 568 1548 648 promoveri?
1573 592 1584 621 ι
1613 568 1723 628 Deinde
1740 565 1889 640 Scriptura

142 644 241 703 ssioele
254 645 446 717 fflsslisscifflh
461 648 594 723 (illisquis
609 652 775 728 indignum,
792 659 999 734 etimprohum
1039 662 1191 737 subjungit
1205 682 1257 721 20«
1284 662 1486 736 Dixeruntque
1513 659 1613 719 omnia
1638 654 1712 712 470
1745 655 1824 731 ligna
1851 653 1888 711 ad

142 739 229 808 atque
242 733 308 793 ideo
323 735 462 811 cupidum
475 739 510 798 ad
527 741 658 814 regimen
674 747 831 818 provehere
844 765 902 808 non
916 767 998 812 vere·
1038 752 1217 816 rhamnum:
1247 751 1331 822 Veni,
1353 757 1382 810 et
1402 750 1512 824 impera
1537 746 1631 806 nohis.
1657 744 1714 816 Qui
1739 741 1888 818 respondit

141 823 340 883 insilirem
364 825 492 887 Ecclesia
509 828 615 891 Christi
634 849 692 893 non
715 836 826 897 hahens
841 840 995 913 maculam,
1037 841 1080 901 eis
1095 861 1103 900 τ
1118 842 1150 902 Si
1164 829 1230 901 iere
1244 856 1341 915 regem
1365 856 1411 898 me
1433 838 1516 898 vohis
1532 834 1717 906 constituitis,
1734 833 1842 904 venite,
1857 835 1887 888 et

141 930 240 1011 neque
250 931 363 989 rugam,
374 919 493 992 reproba
504 922 657 994 cujuslibet
670 926 850 989 ordinatione
862 930 995 1003 faedatur,
1036 930 1092 989 suh
1105 930 1209 990 umbra
1225 944 1288 987 mea
1302 927 1474 1003 requiescite
1494 927 1594 997 (ibid).
1610 944 1625 976 a

140 1014 174 1058 ln
195 1001 357 1062 ordinantis
377 1005 506 1065 animam
529 1009 624 1069 omnis
646 1010 698 1070 illa
724 1013 873 1090 lethifera,
896 1023 996 1077 muta-
1073 1003 1208 1093 Longum
1223 1025 1275 1088 est,
1291 1019 1316 1077 si
1330 1018 1461 1078 dicamus
1483 1015 1650 1076 Gedeonem
1665 1018 1765 1087 typum
1786 1015 1884 1068 tenere

139 1089 237 1166 gicnis
251 1092 331 1167 lepra
344 1097 571 1160 transfunditur.
1038 1110 1194 1172 silvatoris
1218 1113 1318 1181 (tudio.
1344 1113 1419 1180 vm),
1439 1125 1491 1183 per
1512 1104 1737 1181 plurimasque
1764 1112 1882 1166 uxores,

180 1180 379 1245 Romanorum
402 1202 507 1261 nempe
526 1191 611 1251 tradit
630 1193 749 1254 historia
770 1195 899 1294 (Pinzqs
923 1198 994 1259 Diae
1035 1200 1277 1262 diversasdebere
1293 1201 1424 1259 nationes
1440 1197 1572 1271 intelligi,
1588 1193 1723 1273 quesibi
1738 1191 1900 1281 cohaesere¹

142 1282 211 1330 cort.
231 1277 304 1334 iiist.
320 1281 398 1338 Rom.
414 1282 453 1336 od
466 1285 582 1356 Eutrop.
599 1282 651 1342 lib.
666 1299 697 1358 ιι,
715 1287 746 1347 in
770 1290 901 1365 princip.)
925 1292 995 1366 quia
1034 1304 1086 1363 per
1099 1291 1196 1352 iidem.
1211 1291 1267 1351 Per
1284 1290 1466 1367 septuaginta
1480 1289 1566 1354 iiiios,
1583 1287 1703 1346 totidem
1716 1282 1883 1355 linguarum

141 1364 308 1434 petentibus
331 1367 432 1428 Gothis
451 1377 484 1430 ut
509 1372 551 1431 eis
573 1373 727 1449 imperator
752 1380 858 1441 Valens
884 1384 994 1457 cpisco-
1035 1378 1165 1451 populos.
1192 1378 1248 1437 Per
1277 1377 1480 1445 concubinam,
1510 1374 1704 1450 synagogam.
1720 1371 1785 1428 ‘Per
1811 1364 1883 1425 abi·
1981 1445 1988 1462 .

141 1462 195 1523 pos
212 1452 379 1528 destinaret,
403 1460 552 1534 aquibus
565 1462 737 1527 Christiana
750 1469 816 1528 iidei
830 1471 994 1530 rudimenta
1035 1464 1157 1539 melech,
1172 1467 1385 1536 antichristum,
1395 1463 1617 1542 qniSpnagogae
1630 1460 1710 1518 iilius
1724 1457 1786 1516 erit.
1801 1451 1883 1514 Unde

140 1540 344 1618 susciperent3
367 1546 418 1605 iile
449 1549 577 1612 doctores
600 1552 636 1612 ad
661 1570 709 1614 eos
730 1573 790 1617 non
808 1560 994 1634 orthodoxos,
1035 1557 1064 1610 et
1093 1553 1123 1611 in
1152 1555 1322 1630 Apocalypsi
1347 1555 1394 1616 bis
1411 1554 1463 1628 qui
1490 1551 1629 1613 credituri
1648 1556 1728 1620 sunl,
1755 1545 1883 1605 dicifflll

139 1628 192 1688 md
205 1632 307 1691 Ariani
322 1634 463 1708 dogmatis
477 1640 566 1709 misit,
581 1643 742 1719 rudemque
760 1647 911 1723 populum,
928 1650 995 1724 qui·
1037 1660 1052 1695 s
1070 1641 1126 1713 Qui
1141 1645 1243 1704 dicunt
1256 1661 1287 1703 se
1301 1645 1417 1705 Judaecs
1440 1657 1513 1714 esse,
1527 1648 1556 1702 et
1573 1657 1633 1701 non
1648 1638 1791 1709 suntsed
1815 1639 1884 1695 suut

139 1714 197 1775 hus
223 1719 379 1816 involutus
404 1733 474 1796 erat,
502 1731 659 1802 erroribus,
686 1733 855 1806 implicarit.
883 1736 950 1809 Sed,
976 1755 994 1799 ο
1035 1743 1180 1804 sinagoga
1195 1728 1310 1791 saeua
1332 1731 1509 1804 (amu).-
1535 1728 1571 1787 El
1595 1726 1670 1786 Sissfll
1690 1726 1741 1785 1¹¹0
1764 1722 1885 1799 Wefflst

137 1805 365 1883 iilffilllfflssdem
386 1828 511 1889 vereque
531 1817 707 1879 laudabilem
731 1821 824 1882 divini
848 1820 1214 1899 examinisssseptuaginta
1229 1822 1350 1891 iratres3
1378 1822 1421 1881 sic
1443 1823 1497 1881 iste
1522 1826 1730 1895 persecuturus
1751 1823 1794 1876 est
1819 1830 1883 1890 orn-

136 1896 327 1993 ffltiul'tflleml
358 1900 432 1961 Nam
464 1919 530 1963 cum
558 1904 644 1966 Gothi
668 1910 729 1983 jam
753 1911 790 1970 ah
815 1911 993 1975 Hunnorum
1034 1924 1178 1984 nesquae
1201 1908 1258 1968 sihi
1280 1924 1339 1968 non
1364 1907 1553 1979 consentient,
1582 1908 1724 1966 nationes.
1749 1901 1885 1980 Histin-

135 1984 307 2054 agmrnibus
320 2003 359 2047 es
368 1989 499 2064 antiquis
513 1992 631 2054 sedibus
643 1996 768 2056 tuissent
783 1998 926 2060 violenter
937 2002 992 2076 eje·
1033 2013 1131 2070 quam,
1155 1997 1280 2067 omissis,
1297 2013 1364 2073 que
1382 1996 1523 2071 longioris
1549 1995 1616 2072 styli
1637 1992 1774 2053 videntur
1799 2003 1885 2063 egere

93 2090 98 2096 ¹
135 2070 187 2141 cti,
203 2079 232 2130 et
248 2074 320 2133 citra
331 2076 513 2152 Danubium,
533 2081 608 2141 intra
622 2083 769 2144 Romanos
785 2087 991 2159 scilicetiines,
1033 2092 1164 2156 tractatu,
1180 2086 1212 2145 ln
1222 2096 1367 2159 quantum
1376 2088 1485 2162 patitur
1499 2084 1652 2161 epistolare
1665 2078 1882 2156 compendium,

136 2174 157 2217 a
177 2159 298 2222 Valente
319 2164 383 2224 sine
406 2162 467 2225 ulla
488 2169 606 2229 hederis
626 2173 759 2245 pactione
783 2174 909 2250 henigne
925 2192 991 2236 sus-
1034 2176 1074 2235 ita
1090 2176 1232 2234 duntaxat
1244 2183 1345 2250 coeptae
1360 2174 1548 2250 disputationi
1560 2185 1721 2245 congruere
1738 2167 1883 2236 rideatur,

135 2251 232 2324 oepti3
257 2251 359 2313 divino
374 2260 470 2316 emen
490 2257 601 2333 judicio
617 2265 800 2335 postmodum
816 2272 915 2325 contra
935 2267 992 2326 Va·
1033 2263 1157 2339 prolixae
1173 2264 1303 2323 historiae
1317 2265 1440 2338 liguram
1455 2262 1601 2322 succincte
1612 2257 1846 2336 perstringimus.

133 2338 245 2399 lentem
271 2343 303 2401 iu
336 2360 417 2405 arma
447 2356 638 2422 consurgunt,
678 2351 799 2428 ejusque
829 2356 992 2415 exercitum
1067 2354 1143 2424 Quid
1166 2371 1235 2428 ergo
1265 2350 1316 2429 pe'r
1340 2355 1473 2424 Joathau,
1502 2352 1555 2428 qui
1579 2352 1785 2426 interpretatur
1807 2353 1882 2405 ‘con-

37 2421 42 2432 '
133 2431 576 2508 acerrimaoedeprosternunt.
597 2438 711 2510 Quibus
736 2443 859 2518 cognitis
885 2444 991 2517 Valens
1031 2451 1202 2509 summatus,
1222 2444 1284 2502 sire
1299 2443 1452 2518 perlectus,
1478 2442 1534 2501 nisi
1558 2447 1691 2499 sanctum
1714 2444 1742 2497 et
1766 2437 1883 2495 doctum

132 2535 269 2595 egressus
283 2525 449 2598 Antiochia,
463 2535 562 2588 contra
577 2528 685 2589 Gothos
703 2530 877 2592 innumeris·
896 2534 990 2593 ralla-
1030 2534 1196 2609 quempiam
1206 2533 1421 2606 predicatorem
1436 2532 1575 2591 dehemus
1591 2525 1749 2602 accipere?
1773 2525 1830 2584 iiic
1850 2523 1882 2581 in

134 2617 185 2670 tus
204 2611 383 2686 agminibus,
409 2621 559 2689 properat:
584 2633 648 2676 sera
674 2618 779 2678 ductus
806 2619 988 2695 poenitentia,
1030 2624 1158 2681 montem
1176 2620 1301 2681 Gerizim
1325 2622 1453 2681 ascendit
1477 2628 1506 2680 et
1528 2634 1598 2678 voce
1618 2631 1724 2690 magna
1747 2613 1883 2673 clamarit

135 2708 253 2761 sanctos
267 2717 398 2779 quosque
417 2706 545 2765 revocari
562 2705 599 2765 de
617 2707 729 2767 exsiliis
751 2708 892 2784 imperat;
919 2726 988 2772 mcx
1031 2712 1243 2784 (Deut.xxtr11).
1262 2708 1347 2769 Prius
1368 2709 1507 2783 ascendit,
1530 2716 1560 2768 et
1573 2705 1756 2780 postmodnm
1772 2702 1882 2760 ciama-

137 2797 235 2850 nmen
248 2794 402 2854 committit
418 2801 447 2854 et
469 2797 574 2870 perdit.
594 2797 668 2856 Nam
685 2798 720 2857 ad
743 2800 870 2874 primum
887 2802 989 2862 Gotho
1029 2798 1081 2856 rit.
1101 2798 1176 2856 Ante
1190 2798 1339 2871 consurgit
1358 2798 1387 2855 in
1401 2804 1540 2866 mentem,
1555 2801 1583 2855 et
1597 2796 1639 2853 sic
1651 2794 1745 2852 elevat
1769 2805 1880 2851 rocem.

133 2896 203 2940 rum
218 2881 356 2955 impetum
372 2884 568 2945 Romanorum
583 2886 716 2963 equitum
730 2888 988 2961 aciesperturhan-
1031 2882 1104 2954 Quia
1117 2884 1174 2943 nisi
1199 2884 1298 2943 doctor
1322 2884 1464 2943 virtutum
1489 2883 1571 2958 prius
1598 2880 1714 2940 culmen
1740 2877 1881 2940 ascendit,

131 2978 195 3044 tur,
209 2973 388 3052 nudatosque
410 2975 520 3050 pedites
533 2978 681 3038 deserunt.
696 2975 752 3047 Qui
776 2993 844 3037 mox
859 2981 988 3053 equitatu
1030 2972 1156 3032 inaniter
1169 2972 1283 3033 clamat.
1300 2971 1381 3033 Sicut
1395 2988 1447 3047 per
1464 2971 1571 3031 isaiam
1593 2970 1724 3029 dicitur:
1745 2989 1756 3018 ι
1787 2965 1882 3040 Super

132 3060 263 3119 hostium
288 3062 371 3134 septi,
395 3055 433 3123 ac‘
445 3065 617 3138 sagittarum
633 3063 761 3123 nuhihus
781 3063 889 3136 obruti,
915 3066 989 3126 dum
1030 3068 1159 3122 montem
1177 3062 1327 3127 excelsum
1340 3062 1463 3123 ascende
1476 3069 1519 3134 tu,
1535 3061 1589 3136 qui
1602 3058 1781 3133 evangelizas
1794 3055 1879 3116 Sion:

133 3147 194 3206 huc
214 3148 340 3223 illucque
362 3151 443 3210 reiut
458 3159 589 3211 amentes
609 3151 733 3225 palando
749 3150 919 3225 diffugiunt,
934 3149 1126 3248 bo-Gexalta
1140 3151 1170 3209 in
1192 3152 1360 3211 tortitudine
1384 3166 1483 3210 vocem
1508 3158 1599 3220 tuam,
1624 3150 1675 3225 qui
1699 3146 1883 3219 emngetizas

134 3234 255 3294 stilihus
275 3236 379 3309 gladiis
402 3238 534 3297 funditus
559 3238 742 3312 perimuntur
757 3257 766 3310 ;
786 3240 847 3314 ipse
870 3258 987 3319 quoque
1028 3239 1189 3300 Jerusalem
1214 3242 1278 3310 (isa.
1311 3242 1369 3313 ιιι).
1389 3264 1402 3290 ¹·
1428 3239 1625 3300 sardarium
1658 3243 1755 3296 autem
1781 3241 1880 3294 sancta

134 3324 293 3399 imperator
312 3327 414 3400 sagitta
433 3328 590 3398 sauciatus,
614 3343 689 3403 equo
710 3328 869 3400 delabitur;
885 3331 917 3389 in
943 3332 986 3390 vi·
1027 3327 1196 3401 desimratur
1222 3327 1359 3397 Ecclesia,
1390 3344 1458 3402 quae
1498 3335 1541 3386 est
1569 3327 1714 3385 virtutum
1743 3322 1879 3382 omnium

135 3413 278 3474 lissimam
295 3421 426 3490 tegetem,
442 3416 535 3476 milite
553 3424 689 3490 gestante,
710 3418 862 3492 deicrtnr;
887 3422 987 3495 sicque
1027 3416 1134 3481 schola,
1154 3423 1183 3474 et
1195 3415 1358 3475 coelestium
1373 3425 1504 3490 segetum
1519 3414 1647 3475 ubertate
1673 3413 1808 3472 secunda.
1823 3411 1878 3470 iiic

134 3503 409 3576 supervenientibus
428 3503 539 3574 Gothia,
572 3504 689 3579 ignibus
713 3509 848 3568 atrociter
870 3523 986 3567 concre-
1027 3507 1164 3566 estenim
1178 3521 1273 3578 mons,
1290 3507 1340 3582 qui
1356 3506 1459 3566 dandis
1485 3521 1535 3579 per
1556 3503 1675 3579 Moysen
1702 3502 1878 3563 benedictio·

132 3598 241 3649 matur.
256 3590 338 3651 Justo
353 3592 459 3668 quippe
472 3591 525 3651 Dei
534 3593 645 3667 jndicio
658 3595 694 3654 ah
715 3596 826 3658 eisdem
851 3613 986 3658 consum·
1026 3596 1113 3656 nibus
1127 3597 1282 3671 deputatus
1297 3605 1340 3655 est
1356 3621 1362 3656 :
1385 3603 1412 3656 et
1431 3596 1556 3655 Ecclesia
1572 3610 1655 3655 mons
1670 3594 1879 3655 benedictionis

126 3686 199 3754 ptus
224 3690 267 3739 est
293 3681 410 3740 hamma
433 3680 581 3751 vindictae,
610 3700 683 3758 quos
709 3685 771 3760 ipse
806 3692 985 3761 percusserat
1024 3692 1076 3754 eet,
1096 3688 1180 3760 cujus
1195 3685 1329 3761 liliisper
1344 3684 1509 3760 apostolum
1524 3685 1652 3744 dicitur:
1675 3683 1801 3742 «lnhoc
1825 3698 1876 3742 vo

125 3769 199 3843 igne
237 3771 375 3846 perfidiae.
403 3772 462 3842 Sic,
496 3772 583 3846 iuxta
619 3772 778 3847 Scripturas
799 3776 981 3848 sententiam,
1023 3774 1172 3843 catlastis,
1201 3781 1234 3833 ut
1257 3775 1491 3835 benedictionem
1515 3774 1682 3833 hereditate
1706 3771 1877 3848 possideatis

124 3871 262 3931 egressam
278 3866 320 3917 est
339 3859 417 3932 ignis
435 3860 470 3918 de
492 3861 671 3932 rhamno,‚et
691 3863 840 3924 devoravit
862 3864 981 3925 cedrum
1024 3866 1050 3933 (i
1072 3866 1144 3922 Petr.
1167 3866 1221 3933 ιιι).
1243 3886 1258 3915 s
1287 3864 1370 3923 Hanc
1389 3865 1600 3923 haereditatem
1625 3879 1642 3920 a
1669 3861 1758 3921 vidua
1785 3868 1877 3920 matre

125 3947 351 4018 hiberionae.
367 3956 421 4021 rx).
868 3985 883 4000 ο
1022 3951 1214 4025 suscepimus,
1228 3966 1280 4024 pro
1294 3967 1352 4026 qua
1367 3953 1413 4013 vir
1426 3952 1490 4026 ejus
1504 3951 1577 4012 mori
1605 3949 1740 4023 dignatus
1753 3956 1812 4022 est3
1839 3950 1875 4009 de

163 4035 221 4096 Sed
234 4045 262 4096 et
275 4055 327 4112 per
343 4041 397 4099 hoc
408 4041 584 4115 exemplum,
597 4043 677 4117 quod
692 4059 771 4103 nuuc
785 4045 822 4104 de
833 4043 981 4117 Scriptura
1021 4047 1120 4113 quaet
1137 4056 1188 4114 per
1201 4039 1383 4099 psalmicam
1400 4040 1508 4099 dicitur
1524 4056 1530 4090 :
1556 4061 1569 4093 a
1586 4039 1711 4099 Viduam
1733 4039 1798 4111 ejus
1822 4037 1874 4095 be·

124 4125 291 4200 posuimus,
306 4127 380 4187 illud
394 4128 483 4188 miam
505 4145 564 4189 non
584 4131 824 4192 inconvenienter
842 4132 976 4203 occurrit,
1020 4131 1156 4199 nedicens
1188 4131 1356 4189 benedicam
1388 4135 1473 4201 (Psoi.
1501 4136 1621 4199 cxxxi).
1646 4155 1660 4178 »
1686 4129 1722 4188 Ει
1746 4144 1874 4203 congrue

123 4215 206 4289 quod
221 4215 330 4276 ibidem
343 4217 374 4276 in
389 4217 464 4278 libro
477 4218 614 4279 iudicum
628 4221 752 4295 positum
774 4238 978 4282 memoramus.
1022 4218 1445 4294 Gerizimquiinterpretatur
1466 4218 1642 4283 divisisset
1666 4219 1782 4283 moena,
1805 4233 1874 4276 san·

123 4300 201 4360 llam
215 4302 286 4361 dum
302 4304 356 4364 hoc
371 4306 464 4366 terreo
476 4306 631 4379 seminet
644 4307 664 4366 ii
679 4309 731 4384 qui
744 4309 886 4383 regimine
898 4309 979 4384 digni
1020 4317 1096 4396 ctpm
1111 4311 1215 4383 ligurat
1228 4310 1385 4370 Ecclesiam
1401 4328 1408 4378 3
1426 4308 1565 4386 quoniam
1586 4307 1712 4367 Ecclesia
1728 4308 1870 4381 gentium,

122 4399 208 4465 sunt,
229 4395 344 4488 tugianp
364 4416 372 4468 ;
389 4406 417 4458 et
437 4398 492 4469 ilii,
508 4399 558 4472 qui
573 4399 676 4458 merito
702 4401 872 4474 reprobandi
898 4404 979 4473 sunt,
1020 4414 1087 4474 quae
1099 4397 1181 4474 prius
1193 4397 1304 4457 exstitit
1318 4397 1477 4457 tunditusa
1492 4397 1544 4455 het
1561 4397 1620 4469 iege
1634 4395 1738 4465 dirisa,
1754 4395 1787 4453 in
1809 4395 1873 4473 pri·⁸

120 4483 319 4542 irreverenter
337 4485 474 4544 accedant
485 4504 493 4557 ;
516 4487 569 4545 hoc
589 4486 635 4559 agi
661 4488 779 4547 videtur
799 4505 850 4564 per
877 4504 1009 4596 opera-D
1021 4487 1237 4546 muneratione
1257 4487 1328 4544 iactr
1353 4495 1396 4545 est
1416 4486 1538 4553 advena,
1557 4486 1677 4560 jamque
1697 4499 1750 4558 per
1774 4484 1871 4543 incre-

121 4569 219 4630 tionis
229 4572 374 4644 ellectum,
388 4575 465 4652 qqed
478 4573 541 4632 illic
554 4573 661 4648 legitur
683 4593 733 4649 per
750 4577 898 4653 allegoriae
912 4594 978 4654 my·
1020 4584 1151 4639 mentum
1172 4576 1273 4649 gratim
1297 4576 1370 4634 iacta
1390 4582 1434 4634 est
1457 4573 1578 4632 omnino
1601 4573 1766 4632 domestica.
1791 4572 1870 4631 Unde

120 4660 255 4720 sterium.
272 4661 413 4720 hitenim
435 4661 529 4733 :Onia
546 4687 559 4715 e
576 4665 653 4723 stetit
670 4666 793 4725 Joathan
817 4667 849 4726 iu
873 4669 978 4727 vertice
1017 4667 1078 4742 jam
1098 4665 1221 4722 tirmiter
1236 4662 1379 4730 radicatis,
1400 4667 1427 4717 et
1446 4660 1525 4719 reiut
1549 4660 1580 4716 in
1606 4660 1678 4717 urhe
1703 4658 1870 4733 compositis

119 4749 233 4808 montis
255 4750 393 4824 Gerizim,
424 4753 593 4828 elevataque
606 4756 844 4814 voceclamarit:
871 4757 978 4816 Audite
1019 4755 1130 4814 Paulam·
1142 4753 1205 4811 ait:
1229 4774 1241 4803 ι
1264 4750 1402 4809 lemnon
1420 4748 1693 4822 estishospitss,1et
1717 4749 1839 4820 adrenae
1859 4766 1867 4819 ς

118 4854 179 4908 me,
201 4837 269 4897 riri'
283 4839 410 4912 Sichem,
439 4842 479 4900 ita
502 4848 536 4901 ut
560 4843 659 4918 audiat
685 4860 736 4903 vos
754 4845 854 4904 Deus:
877 4845 978 4905 ierunt
1019 4843 1070 4903 sed
1115 4841 1185 4902 estis
1219 4841 1297 4899 cives
1337 4838 1526 4909 Sanctorum,
1563 4844 1591 4897 et
1628 4838 1777 4898 domestici
1815 4839 1868 4898 Dei

117 4927 212 5001 tigna,
239 4934 272 4986 ut
298 4936 443 5004 ungerent
467 4946 555 5005 super
580 4948 611 4991 se
641 4948 749 5008 regem,
779 4933 976 5008 dixeruntque
1018 4934 1187 5005 (apicem).
1204 4953 1218 4978 ¹·

116 5018 209 5077 olivae
223 5035 230 5075 :
244 5016 357 5093 Impera
371 5020 465 5079 nobis.
481 5022 553 5092 Quae
569 5023 730 5099 respondit:
747 5024 895 5101 Numquid
907 5040 974 5099 pos·
1053 5019 1108 5081 Sed
1127 5025 1159 5080 ut
1173 5018 1338 5078 omittentes
1355 5017 1493 5092 plurima,
1508 5017 1586 5096 quod
1609 5018 1789 5092 propositum
1811 5023 1865 5089 est,

116 5122 187 5166 sum
198 5106 328 5166 deserere
335 5107 543 5182 pinguedinem
552 5105 661 5184 meam,
669 5129 756 5188 qnam
764 5121 792 5178 et
800 5115 842 5174 dii
852 5121 975 5176 utuntur
1015 5107 1203 5169 transiliendo
1225 5107 1355 5168 celeriter
1379 5122 1591 5180 percurramus,
1609 5106 1686 5180 ligna
1699 5108 1783 5167 silvae
1797 5115 1866 5190 sunt

114 5201 145 5251 et
164 5194 313 5266 homiuem
341 5203 370 5254 et
396 5197 507 5269 venire,
523 5207 556 5257 ut
577 5198 653 5259 inter
677 5199 756 5274 ligna
777 5201 972 5276 promovear?
1013 5201 1147 5260 homines
1160 5198 1241 5268 rani,
1263 5206 1292 5257 st
1310 5197 1496 5268 infructuosi,
1515 5213 1549 5256 ac
1571 5197 1697 5255 dammis
1711 5197 1865 5258 ultricibus

113 5279 322 5356 Dixeruntque
334 5282 414 5357 ligna
432 5285 469 5342 ad
484 5286 616 5360 arborem
637 5286 746 5347 iicumz
774 5289 859 5361 Veni,
875 5297 903 5348 et
921 5305 973 5348 su·
1011 5290 1116 5348 merito
1127 5303 1191 5347 suae
1202 5286 1361 5346 sterilitatis
1374 5287 1494 5346 obnoxii
1510 5309 1517 5344 ε
1536 5309 1549 5335 ι
1566 5283 1755 5344 Omnisenim
1766 5287 1862 5357 arhor,

111 5387 168 5446 per
182 5385 236 5430 nos
250 5388 372 5446 regnum
385 5373 491 5449 accipe.
507 5375 580 5446 Quas
591 5377 969 5454 responditeiszNumquid
1012 5394 1080 5453 quaa
1107 5392 1167 5436 non
1196 5376 1263 5435 iacit
1291 5375 1416 5435 fructum
1442 5374 1564 5445 honum,
1589 5373 1749 5446 excidetur,
1777 5382 1805 5436 et
1832 5376 1864 5434 in

109 5476 236 5538 ροεευιιι
271 5463 458 5524 dulcedinem
493 5481 588 5526 meam
620 5467 772 5538 deserere,
805 5468 972 5544 fructusque
1012 5469 1111 5543 ignem
1126 5467 1254 5526 mittetur
1273 5468 1384 5535 (Euat.
1401 5469 1455 5532 ιιι).
1472 5487 1483 5516 ι
1499 5459 1556 5532 Qui
1575 5479 1643 5524 vero
1672 5479 1725 5537 per
1741 5465 1863 5539 olivam,-

110 5548 315 5612 suavissimos,
327 5558 357 5609 et
368 5552 421 5625 ire,
437 5560 472 5611 ut
488 5552 563 5612 inter
576 5561 680 5614 cratera
694 5555 773 5630 ligna
784 5554 972 5632 promovear?
1011 5574 1078 5635 quaa
1091 5565 1119 5617 et
1135 5558 1253 5633 signum
1267 5558 1346 5632 pacis
1367 5554 1502 5625 ostendit,
1514 5553 1633 5628 'oleique
1652 5554 1860 5630 pinguedinem

110 5640 228 5700 Locuta
248 5647 317 5700 aunt
340 5658 457 5719 quoque
484 5643 563 5719 ligna
593 5650 621 5704 et
646 5646 683 5705 ad
705 5646 795 5705 vitem
813 5665 821 5706 ε
839 5645 923 5717 Veni,
943 5652 971 5703 et
1011 5646 1117 5717 tundit,
1148 5645 1206 5704 nisi
1235 5643 1280 5702 illi
1300 5643 1501 5715 designantur,
1536 5641 1588 5717 qui
1611 5641 1737 5715 Spiritus
1768 5643 1861 5702 sancti

109 5729 227 5806 impera
241 5731 338 5792 nohis.
349 5730 421 5803 Quae
434 5733 602 5809 respondit:
620 5733 696 5796 Num
711 5736 970 5811 possumdeserere
1010 5731 1187 5809 pinguedine
1205 5729 1328 5790 deiihuti
1351 5727 1575 5801 evangelizando
1596 5744 1707 5803 pacem,
1733 5729 1860 5789 reconci-

1638 6073 1643 6110 l
