4017 6192
253 311 307 370 did
568 298 572 305 ’
868 309 1021 367 ttttttttlts
1042 311 1087 369 ΕΤ
1106 311 1253 371 PilliOES·
1828 324 1883 379 usn

253 435 311 483 tute
331 426 465 491 invocata,
480 422 603 482 victricia
619 421 672 479 tela
694 419 811 490 ediciam
827 430 854 477 ιι
876 436 1043 493 consurgen·
1055 425 1081 486 Α
1094 420 1174 492 huius
1185 422 1313 480 salutaris
1325 423 1395 495 siqui
1423 424 1618 496 ιιιιηιιὶιιὶι
1640 434 1742 485 nostre
1767 431 1888 493 rediture

252 528 307 576 tem
322 532 366 574 me
381 528 470 572 tecum
485 515 513 570 in
527 513 772 585 nentatespiritus
790 521 818 568 et
830 511 933 583 glorie,
946 511 980 567 ad
995 525 1040 573 ea,
1093 511 1279 568 memiserum
1293 520 1322 568 et
1343 513 1454 585 ιὶςιιιι
1468 522 1555 571 morte
1575 524 1764 585 peccatum.
1778 519 1886 579 abun.
2000 572 2002 575 ,

249 621 312 677 qum
330 620 440 662 sursum
462 612 535 670 sunt,
547 618 609 660 cum
633 603 736 659 sanctis
757 613 786 659 et
808 602 903 659 electis
929 600 983 658 tuis
1005 602 1041 659 ad
1092 599 1173 657 nibus
1187 601 1348 658 criminibus
1361 612 1390 659 et
1412 602 1581 661 iecinoribus
1601 606 1688 674 meis,
1703 608 1828 667 etlihera
1840 626 1886 669 me

249 694 390 751 dexteram
419 702 492 748 tuam
519 690 625 763 positia,
643 691 800 762 pertingere
823 691 958 746 concedas
983 689 1042 761 ipse
1091 689 1127 746 ah
1139 691 1268 748 omuibus
1277 693 1356 749 malis
1366 694 1522 764 preteritis,
1536 697 1717 766 presentibus
1726 708 1754 757 et
1765 699 1884 769 iuturis,

248 783 375 854 idemque
389 782 453 838 iesu
476 781 595 847 Christe,
610 779 683 837 Deus
703 779 881 846 immortalis,
904 780 952 851 qui
976 797 1040 837 cum
1090 789 1118 837 et
1131 781 1266 839 mortifica
1281 782 1308 838 iu
1329 798 1374 839 me
1385 783 1478 839 omnia
1490 784 1559 840 uitia
1572 785 1754 857 spiritualium
1770 799 1799 846 et
1823 805 1886 847 car·

241 872 306 953 ¹ileo
317 872 398 929 Patre
411 881 441 929 et
458 870 563 943 Spiritu
577 869 753 927 sanctoriuis
765 878 794 925 et
804 884 903 941 regnas
915 885 965 942 per
979 870 1042 927 inll-
1091 870 1194 926 natium
1205 872 1404 942 nequitiarum,
1415 866 1497 929 etiae
1511 888 1556 931 me
1566 887 1708 946 resurgere
1719 876 1746 932 iu
1758 876 1813 953 lb
1823 879 1884 937 rir-

247 964 306 1019 nita
317 960 417 1019 saecula
428 961 601 1021 seculorum.
617 959 715 1015 druen.
1090 968 1148 1016 tute
1164 962 1261 1032 qratia
1290 971 1318 1018 ιι
1345 960 1438 1034 glorie
1464 972 1535 1030 tuae3
1558 973 1587 1019 et
1608 980 1670 1036 quse
1684 978 1883 1038 sursumsunt,

537 1049 624 1105 llllll.
645 1050 750 1136 drudo.
1089 1048 1211 1106 crelesda
1224 1050 1381 1108 desiderare
1396 1060 1425 1108 et
1436 1068 1576 1123 querere,
1599 1064 1628 1111 et
1647 1056 1681 1112 ad
1694 1066 1805 1114 aeternae
1817 1057 1883 1114 hea-

281 1143 397 1198 Itomine
409 1140 473 1198 lesu
492 1139 611 1205 Christe,
626 1139 678 1195 Fili
695 1140 742 1196 llei
756 1141 823 1207 uiui,
842 1129 1039 1213 gloriosissime
1090 1140 1213 1196 titudinis
1227 1140 1340 1210 pluriam
1365 1142 1483 1199 leliciter
1503 1146 1662 1214 peruenire,
1678 1157 1824 1215 prestame
1837 1159 1884 1201 trra

246 1231 376 1289 Conditor
389 1228 495 1296 mundi,
515 1229 561 1300 qul
576 1243 639 1285 cum
654 1229 693 1286 sis
713 1228 842 1300 splendor
858 1230 909 1302 13
933 1231 1037 1303 qloriae,
1089 1229 1221 1286 immensa
1234 1231 1395 1296 clementia,
1419 1230 1533 1289 lloutine
1553 1232 1618 1288 lesu
1632 1231 1751 1301 Christe,
1768 1234 1839 1291 heus
1853 1244 1884 1292 ιι

245 1330 399 1379 coartmnus
412 1329 441 1377 et
453 1319 567 1390 equalis
581 1318 655 1375 Patri
667 1328 816 1390 sanctoque
831 1318 958 1389 Spiritui,
977 1323 1040 1379 ideo
1088 1320 1219 1378 Dominus
1242 1331 1349 1386 noster,
1373 1322 1507 1393 quicum
1530 1324 1587 1380 ileo
1616 1323 1700 1382 Patre
1724 1332 1754 1381 et
1779 1325 1883 1397 Spiritu

246 1411 378 1482 diguatus
390 1424 542 1466 escaruem
555 1408 759 1465 immaculatam
778 1424 812 1465 ιι
825 1408 1039 1488 Virginesupne·
1087 1424 1183 1471 sancto
1195 1416 1223 1472 in
1237 1417 1342 1473 unitate
1362 1418 1472 1474 deitatis
1495 1420 1586 1475 omnia
1603 1420 1723 1477 creando
1736 1421 1826 1493 regis,
1840 1421 1883 1479 ri-

245 1514 288 1566 re,
300 1509 329 1555 et
343 1499 503 1555 innocentes
515 1513 549 1555 ac
561 1498 694 1569 gloriosas
708 1506 770 1554 tuas
784 1497 891 1570 palmas
905 1500 932 1556 in
947 1502 1038 1559 crucis
1087 1505 1181 1563 vificas
1193 1514 1222 1564 et
1235 1509 1372 1578 gubernas
1393 1523 1443 1580 per
1466 1508 1631 1566 immortalia
1651 1511 1750 1568 saecula
1770 1511 1883 1571 sarculu-

244 1588 369 1660 patibulo
393 1589 541 1661 permisisti
560 1588 659 1661 conhqi
683 1596 714 1644 ut
743 1588 863 1645 claustra
889 1591 1039 1662 dissipares
1086 1612 1158 1654 rum.
1172 1598 1270 1655 huten.

244 1679 344 1735 inferni
356 1687 386 1735 et
396 1679 543 1736 humanum
556 1694 642 1751 penus
653 1678 785 1736 liberares
796 1677 830 1735 de
840 1689 937 1736 morto.
957 1680 1037 1738 llise·
1350 1688 1472 1745 xxlllll.
1491 1688 1615 1747 Ιλιιιιιιι.

245 1784 308 1827 rere
322 1771 388 1829 mihi
400 1773 512 1838 misero,
524 1773 788 1844 Domine,oppresso
798 1772 873 1844 qrari
884 1772 1074 1841 iaeinorumn
1121 1776 1245 1844 Christe,
1267 1777 1330 1834 andi
1354 1792 1420 1846 nos,
1442 1795 1486 1835 ιιι.
1512 1779 1595 1837 Ριιιι·
1618 1783 1652 1838 de
1675 1783 1768 1850 coelis,
1793 1784 1880 1853 deus,

243 1862 365 1933 pondere
377 1863 579 1934 multorumque
602 1863 786 1933 nequitiarum
798 1862 925 1920 sordibus
947 1864 1038 1937 inqui·
1086 1866 1219 1923 miserere
1257 1866 1346 1924 nobis.
1381 1865 1434 1922 Fili
1462 1868 1631 1941 Redemptor
1652 1872 1770 1940 muudi,
1789 1874 1879 1944 neus,

245 1963 319 2010 nato.
335 1952 396 2009 Noli
406 1968 451 2009 rue
464 1952 628 2025 relinquere,
642 1952 765 2024 piissime
784 1952 907 2019 homine,
927 1953 975 2010 sed
994 1955 1038 2011 in·
1085 1956 1218 2014 miserere
1244 1957 1334 2015 uubis.
1358 1955 1477 2030 Spiritus
1496 1967 1608 2026 sancte,
1633 1960 1723 2029 bens,
1749 1963 1883 2023 miserere

244 2043 325 2111 dnlqe
339 2042 561 2109 misericorditer,
575 2044 649 2115 quod
669 2043 753 2113 impie
772 2044 972 2116 nosterque
986 2060 1035 2101 ue-
1085 2049 1174 2106 nobis.
1189 2047 1291 2105 Sancta
1305 2049 1442 2115 Trinitas,
1459 2065 1531 2107 sunus
1544 2051 1626 2118 Deus,
1644 2054 1775 2112 miserere
1789 2055 1880 2113 nubis.
1935 2088 1941 2100 ·

244 2134 379 2207 gthcnrer
390 2134 455 2192 ieci.
469 2134 574 2191 Exaudi
591 2148 646 2202 me,
658 2148 761 2205 quaeso,
772 2134 987 2193 clementissime
1002 2150 1035 2194 ac
1085 2135 1186 2194 Sancta
1201 2139 1249 2194 Ilei
1263 2137 1404 2205 Genitrix,
1418 2152 1526 2211 semper
1539 2140 1719 2209 intemerata,
1732 2142 1810 2214 virgo
1823 2142 1882 2199 lla·

243 2225 501 2283 misericordissime
511 2223 586 2291 lesu,
599 2224 672 2280 lleus
686 2224 757 2281 bunc
777 2233 807 2281 et
825 2224 953 2297 benigne,
972 2242 1035 2298 pro·
1084 2230 1140 2294 ria,
1155 2238 1183 2285 et
1195 2232 1288 2285 omnia
1301 2239 1397 2286 sancta
1420 2231 1560 2301 seraphim
1574 2240 1604 2288 ιι
1616 2232 1777 2303 cherubim,
1793 2233 1880 2291 iuter·

241 2324 359 2372 stratum
372 2323 438 2370 ante
457 2314 625 2370 adorandam
644 2311 867 2385 gloriosissimam
882 2323 957 2370 tuam
972 2330 1036 2370 cru·
1084 2316 1173 2373 cedite
1184 2331 1235 2388 pro
1248 2318 1328 2374 uobis
1350 2327 1379 2373 et
1400 2333 1452 2389 pro
1464 2319 1593 2377 omnihus
1612 2322 1682 2378 viris
1694 2331 1724 2379 et
1744 2320 1881 2382 ddumds

241 2420 313 2473 eem,
329 2405 399 2462 utin
412 2406 457 2462 his
469 2405 575 2461 sanctis
587 2403 683 2460 diebus
695 2412 844 2475 etsemper
863 2403 911 2461 tibi
927 2419 1035 2461 merear
1085 2408 1254 2470 fidelibus...
1443 2420 1445 2423 ·

220 2495 372 2569 x{resistere
383 2494 513 2562 mundus,
527 2501 555 2550 et
566 2494 621 2550 tuis
630 2491 735 2565 jugiter
750 2492 860 2564 plaeere
877 2497 1033 2567 conspecti·
1254 2498 1364 2555 XXXV.
1383 2500 1506 2572 Hymnus
1519 2503 1553 2558 tle
1567 2502 1600 2559 S.
1613 2518 1701 2559 crece.

240 2582 303 2652 hus,
314 2594 450 2657 quatenns
469 2584 632 2642 liberatusa
648 2582 727 2638 malis
749 2581 887 2648 omnihus,
906 2592 955 2640 ιιι
979 2585 1031 2641 sim
1364 2590 1407 2645 td
1424 2603 1594 2647 ιιιιιιηιιιι.

241 2692 350 2751 semper
365 2677 503 2749 adjutorio
512 2678 682 2744 consolatus,
702 2675 811 2733 Christe
824 2674 957 2743 humine,
971 2676 1033 2733 sat-

240 2779 321 2828 vator
334 2770 440 2839 muudi,
453 2770 500 2842 qui
512 2770 582 2828 riuis
593 2778 623 2826 et
638 2782 737 2842 regnas
752 2766 780 2824 in
802 2766 901 2826 sarcula
918 2768 1032 2825 sarculo-

239 2877 312 2919 rum.
325 2862 425 2920 Amen.

206 3010 212 3023 ,
523 2950 621 3009 ffll.
641 2952 745 3010 Oratio.

256 3056 258 3061 '
275 3044 399 3114 Christe,
416 3046 463 3118 qui
477 3060 527 3118 pro
540 3045 619 3101 nobis
631 3046 781 3118 patibulum
795 3044 887 3104 crucis
907 3053 936 3102 et
953 3060 1029 3103 mor·

240 3146 295 3195 tem
307 3137 435 3205 subiisti,
449 3146 479 3192 ιι
491 3151 508 3192 a
529 3136 608 3193 nubis
627 3136 777 3208 expelleres
799 3136 896 3192 mortis
910 3124 1068 3208 potesta-C

239 3240 314 3299 tem,
326 3237 355 3287 et
367 3228 510 3301 sanguinis
524 3229 564 3285 tui
578 3242 629 3284 nus
641 3228 731 3300 pretio
742 3227 887 3297 liberares,
899 3227 1031 3284 uriserere

238 3319 305 3377 mihi
322 3318 472 3377 humillimo
485 3332 565 3375 servu
578 3327 636 3387 tuo,
646 3325 676 3373 et
689 3318 811 3374 omnium
824 3332 948 3374 meorum
961 3317 1029 3374 mihi

236 3410 344 3467 reniam
365 3410 454 3466 tribue
470 3418 663 3481 peccatorum,
675 3419 705 3465 ιι
717 3424 761 3466 me
784 3425 878 3466 coram
891 3411 1031 3466 adoranda

238 3512 285 3560 tua
296 3517 378 3560 cruce
390 3510 557 3574 prostratum
571 3501 600 3558 in
616 3501 661 3557 his
677 3501 781 3557 sanctis
795 3501 901 3569 diebus,
915 3512 944 3558 et
955 3500 1030 3573 jupi-

162 3632 167 3643 ·
238 3604 280 3652 ter
292 3595 328 3652 ah
341 3595 469 3651 omnibus
481 3593 560 3651 malis
579 3592 674 3664 eripe,
696 3592 829 3664 bonisque
853 3592 907 3649 tuis
921 3592 1030 3648 miseri·

236 3687 358 3745 corditer
370 3682 468 3754 reii'ce,
482 3686 528 3758 qui
541 3698 603 3742 cum
617 3684 674 3741 lieu
683 3683 766 3740 Putre
776 3693 804 3739 ιι
815 3685 920 3756 Spiritu
935 3692 1031 3741 sancto

236 3778 307 3836 ritis
333 3787 361 3834 et
386 3792 484 3851 reqnus
507 3793 557 3848 per
577 3777 710 3833 immensa
737 3774 836 3832 secula
853 3777 1028 3832 seculorum.

235 3868 334 3927 Amen.

516 3954 624 4012 llllllll.
642 3955 745 4011 orario.

270 4048 361 4116 liene,
375 4046 422 4118 qui
436 4045 510 4117 ligno
522 4054 683 4116 pereuntem
708 4043 845 4101 hominem
862 4058 913 4115 per
925 4043 1029 4116 liqnum

234 4137 369 4210 reparasti
395 4137 423 4193 in
446 4135 560 4204 melius,
582 4149 754 4207 quesumus,
779 4140 811 4188 ut
837 4135 925 4189 uirtus
949 4132 1031 4204 hujus

235 4225 408 4298 triumphalis
429 4224 495 4295 liqni
517 4233 607 4281 morte
627 4230 656 4279 et
669 4223 800 4294 sunguine
814 4230 861 4278 tuo
874 4222 971 4291 ditati,
984 4224 1030 4280 cui
1057 4282 1059 4286 ,

234 4323 293 4374 tota
306 4314 448 4372 devotione
466 4312 535 4370 colla
551 4311 754 4378 submittimus,
769 4321 799 4368 et
811 4311 877 4368 uitia
898 4311 927 4368 iu
949 4311 1029 4369 nobis
1067 4366 1070 4377 ,

142 4478 146 4483 ,
235 4407 362 4465 uniuersa
376 4403 539 4471 mortificet,
562 4411 592 4461 ιι
614 4412 710 4461 contra
729 4403 820 4461 omnia
838 4405 954 4461 aduersa
976 4419 1027 4461 nos

235 4498 360 4566 muniat,
380 4497 427 4568 qui
450 4497 519 4553 riuis
538 4505 567 4552 ιι
584 4510 682 4567 regnas
695 4509 758 4551 cum
778 4493 860 4552 Patre
876 4503 905 4551 et
925 4465 1068 4553 Sniritun

234 4590 332 4649 saucio
345 4588 419 4647 Deus
432 4603 482 4661 per
495 4587 586 4645 omnia
600 4586 698 4644 secula
712 4585 885 4661 seculorum.

514 4676 622 4734 mill
642 4672 751 4735 'Oratim

271 4764 387 4830 homine
397 4768 462 4827 lesu
472 4767 592 4835 Christe,
601 4767 648 4839 qul
660 4782 691 4824 cs
704 4777 733 4823 et
749 4767 794 4837 qui
806 4781 868 4824 eras
881 4766 953 4823 heus
963 4781 1027 4824 cum

235 4858 319 4919 Patre
331 4868 395 4916 aute
409 4856 506 4915 secula
519 4857 641 4929 genitus,
655 4855 728 4913 Deus
743 4870 777 4912 ιι
791 4856 848 4913 lieu
861 4870 946 4922 rero,
959 4871 1028 4913 con·

236 4958 333 5024 ceptus
343 4951 378 5006 de
391 4948 493 5020 Spiritu
506 4955 618 5014 suneto,
632 4954 661 5002 et
672 4954 753 5003 natus
767 4946 850 5002 homo
862 4946 891 5002 in
905 4945 961 5002 due
973 4962 1026 5003 ιιι-

236 5047 360 5104 culorum
371 5044 520 5115 derirqiue
530 5055 639 5112 semper
647 5041 744 5107 llaria,
755 5041 802 5111 qui
812 5039 941 5097 obediens
951 5039 1026 5097 Patri

235 5138 369 5209 usquead
382 5142 509 5203 mortem,
529 5140 646 5190 mortem
659 5143 752 5187 autem
767 5131 871 5196 crucis,
885 5131 1025 5188 redemisti

236 5244 288 5285 nos
303 5237 349 5285 tuo
370 5232 466 5283 sancto
477 5231 507 5281 et
525 5222 645 5295 pretioso
666 5219 814 5292 sanquine,
837 5228 866 5276 et
886 5219 1026 5277 destmeto

236 5318 334 5377 mortis
349 5317 480 5390 imperio,
494 5313 621 5381 omnihus
635 5313 663 5368 in
680 5319 707 5367 tc
720 5309 894 5368 credentibus
905 5309 1026 5369 coelestis

237 5412 331 5486 gloriae
342 5411 448 5467 aditum
460 5408 606 5476 reserasti,
621 5416 649 5463 te
668 5404 753 5462 lleum
768 5419 880 5469 rerum,
893 5410 921 5459 et
934 5403 1027 5461 Domi·

236 5519 302 5561 uum
320 5515 410 5558 meum
421 5501 583 5574 ,suppliciter
597 5498 700 5567 adoro,
719 5495 859 5553 sedentem
871 5494 907 5550 ad
928 5494 1025 5552 dexte·

236 5609 296 5649 ram
308 5593 355 5648 liei
368 5591 457 5648 Patris
468 5589 678 5663 omnipotentis,
698 5585 869 5659 deprecando
891 5584 1024 5641 iudnitam

238 5693 265 5739 et
278 5678 440 5738 tmdabtem
452 5678 666 5738 misericordiam
688 5685 779 5746 mam,
792 5684 823 5733 ιι
830 5687 886 5756 per
895 5675 1025 5735 rumen

1222 2675 1295 2733 Crux
1307 2678 1383 2735 orbis
1397 2679 1473 2735 sulus
1488 2681 1608 2752 perditi,

1186 2767 1323 2839 Perempti
1340 2771 1395 2836 sitq
1406 2769 1517 2837 saeeuli,

1187 2856 1275 2925 Quam
1288 2859 1359 2915 uicta
1374 2868 1495 2916 tremunt
1505 2868 1610 2916 tartara

1187 2947 1254 3003 Coell
1269 2957 1398 3005 serentur
1411 2949 1531 3021 agmina.

1221 3037 1251 3093 ln
1267 3048 1293 3095 te
1306 3040 1371 3096 dnm
1383 3040 1437 3096 uita
1453 3043 1582 3107 moritur,

1179 3129 1287 3187 'hortis
1299 3141 1395 3188 catena
1408 3132 1532 3198 soluitur,

1188 3218 1299 3290 AEgypti
1306 3220 1374 3291 jugo
1388 3220 1467 3276 tiberi

1195 3309 1271 3366 Verte
1282 3318 1348 3365 sunt
1358 3308 1427 3366 lucis
1442 3311 1500 3367 lilii.

1223 3398 1261 3454 'le
1273 3398 1351 3469 ponit
1362 3395 1450 3455 ludes
1464 3401 1603 3468 omniurn,

1189 3486 1544 3558 Cumjudicatur,solium;

1187 3575 1246 3632 lant
1260 3585 1316 3633 tum
1332 3578 1424 3634 hedos
1434 3581 1470 3636 ab
1481 3580 1581 3637 oribus

1187 3664 1320 3739 segregat
1333 3668 1361 3724 iu
1375 3667 1537 3735 latronibus.

1220 3760 1261 3817 Τι
1279 3762 1373 3818 muudi
1385 3761 1456 3819 ludis
1473 3763 1641 3834 principem,

1185 3851 1254 3907 llum
1269 3854 1351 3923 punis
1363 3853 1573 3925 impassibilem,

1184 3943 1258 4000 ileos
1268 3942 1368 4001 oderrc
1379 3944 1460 4001 solita

1183 4036 1269 4104 Quem
1283 4035 1532 4104 nuucdas,anlert
1545 4036 1644 4109 spolia.
1765 4077 1768 4082 ,

1225 4128 1254 4184 Ιι
1270 4138 1297 4184 ιι
1309 4135 1445 4184 mactatur
1456 4128 1585 4193 victima,

1185 4220 1251 4289 Qum
1267 4220 1361 4277 mundi
1376 4230 1475 4293 purgat
1490 4222 1622 4290 crimina,

1183 4310 1244 4368 Tibi
1260 4311 1391 4369 talentum
1403 4312 1536 4379 creditur,

1185 4403 1252 4460 tm
1263 4402 1336 4474 quud
1352 4402 1434 4460 soluit
1445 4403 1577 4460 debitum.

1221 4493 1353 4558 rtosnuae
1365 4494 1613 4567 signumproteqer

1190 4580 1265 4649 Quos
1276 4582 1334 4637 lter
1348 4582 1498 4652 triumphat
1511 4583 1605 4654 glorie
1621 4599 1631 4639 .·

1187 4672 1240 4728 Per
1253 4683 1280 4729 te
1293 4673 1328 4728 ad
1343 4688 1455 4743 regnum
1472 4673 1621 4744 pmrebat,

1186 4763 1260 4831 Quos
1270 4764 1403 4819 servitute
1418 4762 1538 4817 liberat·

1221 4850 1263 4908 Sit
1277 4850 1352 4907 Patri
1365 4852 1425 4907 laus
1438 4851 1576 4922 inqeuito,

1186 4940 1228 4998 Sit
1241 4942 1323 5000 decus
1339 4940 1501 5015 unigenito,

1184 5033 1226 5089 su
1240 5033 1382 5105 utriusque
1393 5033 1474 5105 parili

1152 5169 1158 5178 .
1181 5125 1309 5196 llajestas
1320 5140 1426 5183 summa
1438 5125 1567 5182 Flamini.

1322 5217 1443 5275 mlh
1460 5219 1503 5273 dd
1517 5217 1620 5274 nutu.

1218 5312 1293 5368 Cmt
1306 5309 1399 5365 mundi
1413 5309 1583 5375 benedictio,
1663 5367 1668 5377 ⁸

1183 5403 1253 5474 Spes
1264 5409 1292 5457 et
1308 5410 1384 5457 certa
1400 5399 1569 5471 redemptio,

1181 5488 1252 5549 (llim
1265 5491 1396 5563 gehenne
1409 5488 1517 5559 bajula,

1179 5581 1258 5637 Nunc
1269 5582 1344 5635 clara
1359 5577 1420 5653 culi
1432 5578 1540 5649 ianua,

1223 5671 1254 5731 Ιιι
1268 5678 1298 5730 le
1308 5669 1415 5729 lerstm
1426 5669 1531 5738 bestia,
